{"trades": [{"trade_seq": 3025, "trade_id": "196974391", "timestamp": 1640786561942, "tick_direction": 1, "price": 0.0005, "mark_price": 0.0, "iv": 355.97, "instrument_name": "BTC-31DEC21-90000-C", "index_price": 47477.57, "direction": "buy", "amount": 0.2}, {"trade_seq": 3024, "trade_id": "196974390", "timestamp": 1640786561942, "tick_direction": 1, "price": 0.0005, "mark_price": 0.0, "iv": 355.97, "instrument_name": "BTC-31DEC21-90000-C", "index_price": 47477.57, "direction": "buy", "amount": 2.0}, {"trade_seq": 3023, "trade_id": "196974389", "timestamp": 1640786561942, "tick_direction": 1, "price": 0.0005, "mark_price": 0.0, "iv": 355.97, "instrument_name": "BTC-31DEC21-90000-C", "index_price": 47477.57, "direction": "buy", "amount": 2.8}, {"trade_seq": 3022, "trade_id": "196569040", "timestamp": 1640575100355, "tick_direction": 1, "price": 0.0005, "mark_price": 1.8e-07, "iv": 207.28, "instrument_name": "BTC-31DEC21-90000-C", "index_price": 50978.45, "direction": "buy", "amount": 0.2}, {"trade_seq": 3021, "trade_id": "196414892", "timestamp": 1640417130627, "tick_direction": 1, "price": 0.0005, "mark_price": 5.9e-06, "iv": 172.46, "instrument_name": "BTC-31DEC21-90000-C", "index_price": 51057.9, "direction": "sell", "amount": 0.3}, {"trade_seq": 3020, "trade_id": "196414891", "timestamp": 1640417130613, "tick_direction": 1, "price": 0.0005, "mark_price": 5.9e-06, "iv": 172.46, "instrument_name": "BTC-31DEC21-90000-C", "index_price": 51057.9, "direction": "sell", "amount": 8.1}, {"trade_seq": 3019, "trade_id": "196414890", "timestamp": 1640417130601, "tick_direction": 1, "price": 0.0005, "mark_price": 5.9e-06, "iv": 172.46, "instrument_name": "BTC-31DEC21-90000-C", "index_price": 51057.9, "direction": "buy", "amount": 1.0}, {"trade_seq": 3018, "trade_id": "196414889", "timestamp": 1640417130601, "tick_direction": 1, "price": 0.0005, "mark_price": 5.9e-06, "iv": 172.46, "instrument_name": "BTC-31DEC21-90000-C", "index_price": 51057.9, "direction": "buy", "amount": 1.0}, {"trade_seq": 3017, "trade_id": "196414888", "timestamp": 1640417130601, "tick_direction": 1, "price": 0.0005, "mark_price": 5.9e-06, "iv": 172.46, "instrument_name": "BTC-31DEC21-90000-C", "index_price": 51057.9, "direction": "buy", "amount": 1.0}, {"trade_seq": 3016, "trade_id": "196414887", "timestamp": 1640417130601, "tick_direction": 1, "price": 0.0005, "mark_price": 5.9e-06, "iv": 172.46, "instrument_name": "BTC-31DEC21-90000-C", "index_price": 51057.9, "direction": "buy", "amount": 15.0}, {"trade_seq": 3015, "trade_id": "196414886", "timestamp": 1640417130601, "tick_direction": 1, "price": 0.0005, "mark_price": 5.9e-06, "iv": 172.46, "instrument_name": "BTC-31DEC21-90000-C", "index_price": 51057.9, "direction": "buy", "amount": 3.9}, {"trade_seq": 3014, "trade_id": "196023884", "timestamp": 1640078370899, "tick_direction": 1, "price": 0.0005, "mark_price": 5.87e-05, "iv": 144.34, "instrument_name": "BTC-31DEC21-90000-C", "index_price": 48517.91, "direction": "buy", "amount": 0.1}, {"trade_seq": 3013, "trade_id": "196023645", "timestamp": 1640078212262, "tick_direction": 1, "price": 0.0005, "mark_price": 5.904e-05, "iv": 144.28, "instrument_name": "BTC-31DEC21-90000-C", "index_price": 48531.11, "direction": "buy", "amount": 0.1}, {"trade_seq": 3012, "trade_id": "195873257", "timestamp": 1639993567147, "tick_direction": 1, "price": 0.0005, "mark_price": 2.092e-05, "iv": 147.96, "instrument_name": "BTC-31DEC21-90000-C", "index_price": 45993.94, "direction": "buy", "amount": 5.5}, {"trade_seq": 3011, "trade_id": "195873256", "timestamp": 1639993567147, "tick_direction": 1, "price": 0.0005, "mark_price": 2.092e-05, "iv": 147.96, "instrument_name": "BTC-31DEC21-90000-C", "index_price": 45993.94, "direction": "buy", "amount": 15.0}, {"trade_seq": 3010, "trade_id": "195873255", "timestamp": 1639993567147, "tick_direction": 1, "price": 0.0005, "mark_price": 2.092e-05, "iv": 147.96, "instrument_name": "BTC-31DEC21-90000-C", "index_price": 45993.94, "direction": "buy", "amount": 0.5}, {"trade_seq": 3009, "trade_id": "195873254", "timestamp": 1639993567147, "tick_direction": 1, "price": 0.0005, "mark_price": 2.092e-05, "iv": 147.96, "instrument_name": "BTC-31DEC21-90000-C", "index_price": 45993.94, "direction": "buy", "amount": 3.0}, {"trade_seq": 3008, "trade_id": "195873253", "timestamp": 1639993567147, "tick_direction": 0, "price": 0.0005, "mark_price": 2.092e-05, "iv": 147.96, "instrument_name": "BTC-31DEC21-90000-C", "index_price": 45993.94, "direction": "buy", "amount": 3.0}, {"trade_seq": 3007, "trade_id": "195709288", "timestamp": 1639863697802, "tick_direction": 2, "price": 0.0002, "mark_price": 7.308e-05, "iv": 123.03, "instrument_name": "BTC-31DEC21-90000-C", "index_price": 46974.77, "direction": "buy", "block_trade_id": "27708", "amount": 13.0}, {"trade_seq": 3006, "trade_id": "195389610", "timestamp": 1639676499984, "tick_direction": 3, "price": 0.0005, "mark_price": 0.00026062, "iv": 120.53, "instrument_name": "BTC-31DEC21-90000-C", "index_price": 48118.0, "direction": "sell", "amount": 0.5}, {"trade_seq": 3005, "trade_id": "195389608", "timestamp": 1639676497018, "tick_direction": 3, "price": 0.0005, "mark_price": 0.00025955, "iv": 120.54, "instrument_name": "BTC-31DEC21-90000-C", "index_price": 48119.16, "direction": "sell", "amount": 0.5}, {"trade_seq": 3004, "trade_id": "195389607", "timestamp": 1639676496866, "tick_direction": 3, "price": 0.0005, "mark_price": 0.0002591, "iv": 120.54, "instrument_name": "BTC-31DEC21-90000-C", "index_price": 48119.16, "direction": "buy", "amount": 1.0}, {"trade_seq": 3003, "trade_id": "195389606", "timestamp": 1639676496866, "tick_direction": 3, "price": 0.0005, "mark_price": 0.0002591, "iv": 120.54, "instrument_name": "BTC-31DEC21-90000-C", "index_price": 48119.16, "direction": "buy", "amount": 2.0}, {"trade_seq": 3002, "trade_id": "195353625", "timestamp": 1639658370796, "tick_direction": 3, "price": 0.0005, "mark_price": 0.00037562, "iv": 116.15, "instrument_name": "BTC-31DEC21-90000-C", "index_price": 49133.71, "direction": "sell", "amount": 2.4}, {"trade_seq": 3001, "trade_id": "195353624", "timestamp": 1639658370793, "tick_direction": 3, "price": 0.0005, "mark_price": 0.00037562, "iv": 116.15, "instrument_name": "BTC-31DEC21-90000-C", "index_price": 49133.71, "direction": "buy", "amount": 0.1}, {"trade_seq": 3000, "trade_id": "195353623", "timestamp": 1639658370793, "tick_direction": 3, "price": 0.0005, "mark_price": 0.00037562, "iv": 116.15, "instrument_name": "BTC-31DEC21-90000-C", "index_price": 49133.71, "direction": "buy", "amount": 0.5}, {"trade_seq": 2999, "trade_id": "195353622", "timestamp": 1639658370793, "tick_direction": 3, "price": 0.0005, "mark_price": 0.00037562, "iv": 116.15, "instrument_name": "BTC-31DEC21-90000-C", "index_price": 49133.71, "direction": "buy", "amount": 2.0}, {"trade_seq": 2998, "trade_id": "195164337", "timestamp": 1639564687756, "tick_direction": 3, "price": 0.0005, "mark_price": 0.00041621, "iv": 114.79, "instrument_name": "BTC-31DEC21-90000-C", "index_price": 48310.23, "direction": "buy", "amount": 2.0}, {"trade_seq": 2997, "trade_id": "195164336", "timestamp": 1639564687756, "tick_direction": 3, "price": 0.0005, "mark_price": 0.00041621, "iv": 114.79, "instrument_name": "BTC-31DEC21-90000-C", "index_price": 48310.23, "direction": "buy", "amount": 0.5}, {"trade_seq": 2996, "trade_id": "195090683", "timestamp": 1639508253741, "tick_direction": 3, "price": 0.0005, "mark_price": 0.00038543, "iv": 118.28, "instrument_name": "BTC-31DEC21-90000-C", "index_price": 46603.74, "direction": "sell", "amount": 0.5}, {"trade_seq": 2995, "trade_id": "195090682", "timestamp": 1639508253739, "tick_direction": 3, "price": 0.0005, "mark_price": 0.00038543, "iv": 118.28, "instrument_name": "BTC-31DEC21-90000-C", "index_price": 46603.74, "direction": "buy", "amount": 2.0}, {"trade_seq": 2994, "trade_id": "195090681", "timestamp": 1639508253739, "tick_direction": 3, "price": 0.0005, "mark_price": 0.00038543, "iv": 118.28, "instrument_name": "BTC-31DEC21-90000-C", "index_price": 46603.74, "direction": "buy", "amount": 0.5}, {"trade_seq": 2993, "trade_id": "195069987", "timestamp": 1639495627603, "tick_direction": 3, "price": 0.0005, "mark_price": 0.00053834, "iv": 114.98, "instrument_name": "BTC-31DEC21-90000-C", "index_price": 47419.43, "direction": "sell", "amount": 0.8}, {"trade_seq": 2992, "trade_id": "195069504", "timestamp": 1639495526259, "tick_direction": 3, "price": 0.0005, "mark_price": 0.00048734, "iv": 115.03, "instrument_name": "BTC-31DEC21-90000-C", "index_price": 47403.85, "direction": "sell", "amount": 5.0}, {"trade_seq": 2991, "trade_id": "195069282", "timestamp": 1639495439208, "tick_direction": 3, "price": 0.0005, "mark_price": 0.00044058, "iv": 115.22, "instrument_name": "BTC-31DEC21-90000-C", "index_price": 47342.16, "direction": "sell", "amount": 3.0}, {"trade_seq": 2990, "trade_id": "195069257", "timestamp": 1639495389004, "tick_direction": 3, "price": 0.0005, "mark_price": 0.00041484, "iv": 115.33, "instrument_name": "BTC-31DEC21-90000-C", "index_price": 47324.73, "direction": "buy", "amount": 3.0}, {"trade_seq": 2989, "trade_id": "195069256", "timestamp": 1639495389004, "tick_direction": 3, "price": 0.0005, "mark_price": 0.00041484, "iv": 115.33, "instrument_name": "BTC-31DEC21-90000-C", "index_price": 47324.73, "direction": "buy", "amount": 3.0}, {"trade_seq": 2988, "trade_id": "195069255", "timestamp": 1639495389004, "tick_direction": 3, "price": 0.0005, "mark_price": 0.00041484, "iv": 115.33, "instrument_name": "BTC-31DEC21-90000-C", "index_price": 47324.73, "direction": "buy", "amount": 1.0}, {"trade_seq": 2987, "trade_id": "195069254", "timestamp": 1639495389004, "tick_direction": 3, "price": 0.0005, "mark_price": 0.00041484, "iv": 115.33, "instrument_name": "BTC-31DEC21-90000-C", "index_price": 47324.73, "direction": "buy", "amount": 0.5}, {"trade_seq": 2986, "trade_id": "195069253", "timestamp": 1639495389004, "tick_direction": 3, "price": 0.0005, "mark_price": 0.00041484, "iv": 115.33, "instrument_name": "BTC-31DEC21-90000-C", "index_price": 47324.73, "direction": "buy", "amount": 2.0}, {"trade_seq": 2985, "trade_id": "194998365", "timestamp": 1639443841658, "tick_direction": 3, "price": 0.0005, "mark_price": 0.00071104, "iv": 114.42, "instrument_name": "BTC-31DEC21-90000-C", "index_price": 46986.94, "direction": "sell", "amount": 11.4}, {"trade_seq": 2984, "trade_id": "194975137", "timestamp": 1639430470995, "tick_direction": 3, "price": 0.0005, "mark_price": 0.00071889, "iv": 115.93, "instrument_name": "BTC-31DEC21-90000-C", "index_price": 46385.76, "direction": "sell", "amount": 3.0}, {"trade_seq": 2983, "trade_id": "194893748", "timestamp": 1639413594483, "tick_direction": 3, "price": 0.0005, "mark_price": 0.00072656, "iv": 113.1, "instrument_name": "BTC-31DEC21-90000-C", "index_price": 47020.2, "direction": "sell", "amount": 1.0}, {"trade_seq": 2982, "trade_id": "194880462", "timestamp": 1639411376544, "tick_direction": 3, "price": 0.0005, "mark_price": 0.00067958, "iv": 112.6, "instrument_name": "BTC-31DEC21-90000-C", "index_price": 47178.98, "direction": "sell", "amount": 1.0}, {"trade_seq": 2981, "trade_id": "194880209", "timestamp": 1639411342557, "tick_direction": 3, "price": 0.0005, "mark_price": 0.00068288, "iv": 112.41, "instrument_name": "BTC-31DEC21-90000-C", "index_price": 47221.98, "direction": "sell", "amount": 1.0}, {"trade_seq": 2980, "trade_id": "194879081", "timestamp": 1639411146903, "tick_direction": 3, "price": 0.0005, "mark_price": 0.0006452, "iv": 112.51, "instrument_name": "BTC-31DEC21-90000-C", "index_price": 47196.75, "direction": "sell", "amount": 2.0}, {"trade_seq": 2979, "trade_id": "194878965", "timestamp": 1639411135692, "tick_direction": 2, "price": 0.0005, "mark_price": 0.00063666, "iv": 112.59, "instrument_name": "BTC-31DEC21-90000-C", "index_price": 47168.26, "direction": "sell", "amount": 2.0}, {"trade_seq": 2978, "trade_id": "194874357", "timestamp": 1639410358192, "tick_direction": 0, "price": 0.0008, "mark_price": 0.00037243, "iv": 117.5, "instrument_name": "BTC-31DEC21-90000-C", "index_price": 47536.88, "direction": "buy", "block_trade_id": "27379", "amount": 50.0}, {"trade_seq": 2977, "trade_id": "194873569", "timestamp": 1639410086951, "tick_direction": 3, "price": 0.0005, "mark_price": 0.00036021, "iv": 111.22, "instrument_name": "BTC-31DEC21-90000-C", "index_price": 47599.41, "direction": "buy", "amount": 1.0}, {"trade_seq": 2976, "trade_id": "194873568", "timestamp": 1639410086951, "tick_direction": 3, "price": 0.0005, "mark_price": 0.00036021, "iv": 111.22, "instrument_name": "BTC-31DEC21-90000-C", "index_price": 47599.41, "direction": "buy", "amount": 2.6}, {"trade_seq": 2975, "trade_id": "194860823", "timestamp": 1639406387564, "tick_direction": 3, "price": 0.0005, "mark_price": 0.00033571, "iv": 110.41, "instrument_name": "BTC-31DEC21-90000-C", "index_price": 47780.25, "direction": "buy", "amount": 1.1}, {"trade_seq": 2974, "trade_id": "194860822", "timestamp": 1639406387564, "tick_direction": 3, "price": 0.0005, "mark_price": 0.00033571, "iv": 110.41, "instrument_name": "BTC-31DEC21-90000-C", "index_price": 47780.25, "direction": "buy", "amount": 0.6}, {"trade_seq": 2973, "trade_id": "194838508", "timestamp": 1639389918788, "tick_direction": 3, "price": 0.0005, "mark_price": 0.00042881, "iv": 106.46, "instrument_name": "BTC-31DEC21-90000-C", "index_price": 48879.35, "direction": "sell", "amount": 0.3}, {"trade_seq": 2972, "trade_id": "194838507", "timestamp": 1639389918538, "tick_direction": 3, "price": 0.0005, "mark_price": 0.00042881, "iv": 106.46, "instrument_name": "BTC-31DEC21-90000-C", "index_price": 48879.35, "direction": "buy", "amount": 2.3}, {"trade_seq": 2971, "trade_id": "194838506", "timestamp": 1639389918538, "tick_direction": 3, "price": 0.0005, "mark_price": 0.00042881, "iv": 106.46, "instrument_name": "BTC-31DEC21-90000-C", "index_price": 48879.35, "direction": "buy", "amount": 0.4}, {"trade_seq": 2970, "trade_id": "194827695", "timestamp": 1639382806208, "tick_direction": 3, "price": 0.0005, "mark_price": 0.00041482, "iv": 106.83, "instrument_name": "BTC-31DEC21-90000-C", "index_price": 48694.14, "direction": "buy", "amount": 0.1}, {"trade_seq": 2969, "trade_id": "194809304", "timestamp": 1639362653416, "tick_direction": 3, "price": 0.0005, "mark_price": 0.00070782, "iv": 106.0, "instrument_name": "BTC-31DEC21-90000-C", "index_price": 48735.14, "direction": "sell", "amount": 3.0}, {"trade_seq": 2968, "trade_id": "194809303", "timestamp": 1639362653416, "tick_direction": 3, "price": 0.0005, "mark_price": 0.00070782, "iv": 106.0, "instrument_name": "BTC-31DEC21-90000-C", "index_price": 48735.14, "direction": "sell", "amount": 1.0}, {"trade_seq": 2967, "trade_id": "194809293", "timestamp": 1639362628802, "tick_direction": 3, "price": 0.0005, "mark_price": 0.00070864, "iv": 105.97, "instrument_name": "BTC-31DEC21-90000-C", "index_price": 48735.89, "direction": "sell", "amount": 2.0}, {"trade_seq": 2966, "trade_id": "194809292", "timestamp": 1639362628802, "tick_direction": 2, "price": 0.0005, "mark_price": 0.00070864, "iv": 105.97, "instrument_name": "BTC-31DEC21-90000-C", "index_price": 48735.89, "direction": "sell", "amount": 2.0}, {"trade_seq": 2965, "trade_id": "194781543", "timestamp": 1639340909737, "tick_direction": 1, "price": 0.001, "mark_price": 0.00072287, "iv": 108.28, "instrument_name": "BTC-31DEC21-90000-C", "index_price": 50481.2, "direction": "buy", "amount": 0.2}, {"trade_seq": 2964, "trade_id": "194781542", "timestamp": 1639340909737, "tick_direction": 1, "price": 0.001, "mark_price": 0.00072287, "iv": 108.28, "instrument_name": "BTC-31DEC21-90000-C", "index_price": 50481.2, "direction": "buy", "amount": 0.8}, {"trade_seq": 2963, "trade_id": "194781541", "timestamp": 1639340886097, "tick_direction": 1, "price": 0.001, "mark_price": 0.00072321, "iv": 108.27, "instrument_name": "BTC-31DEC21-90000-C", "index_price": 50482.93, "direction": "buy", "amount": 1.0}, {"trade_seq": 2962, "trade_id": "194748803", "timestamp": 1639320052280, "tick_direction": 1, "price": 0.001, "mark_price": 0.00071579, "iv": 110.22, "instrument_name": "BTC-31DEC21-90000-C", "index_price": 49639.36, "direction": "buy", "amount": 0.5}, {"trade_seq": 2961, "trade_id": "194742102", "timestamp": 1639315462946, "tick_direction": 1, "price": 0.001, "mark_price": 0.00071595, "iv": 109.93, "instrument_name": "BTC-31DEC21-90000-C", "index_price": 49674.7, "direction": "buy", "amount": 0.1}, {"trade_seq": 2960, "trade_id": "194723855", "timestamp": 1639302507931, "tick_direction": 1, "price": 0.001, "mark_price": 0.00069598, "iv": 112.38, "instrument_name": "BTC-31DEC21-90000-C", "index_price": 48812.83, "direction": "buy", "amount": 0.5}, {"trade_seq": 2959, "trade_id": "194710451", "timestamp": 1639288798089, "tick_direction": 1, "price": 0.001, "mark_price": 0.00072193, "iv": 111.28, "instrument_name": "BTC-31DEC21-90000-C", "index_price": 49004.78, "direction": "buy", "amount": 0.8}, {"trade_seq": 2958, "trade_id": "194710431", "timestamp": 1639288777870, "tick_direction": 1, "price": 0.001, "mark_price": 0.00071999, "iv": 111.32, "instrument_name": "BTC-31DEC21-90000-C", "index_price": 48990.1, "direction": "buy", "amount": 0.9}, {"trade_seq": 2957, "trade_id": "194710429", "timestamp": 1639288754415, "tick_direction": 1, "price": 0.001, "mark_price": 0.00072067, "iv": 111.31, "instrument_name": "BTC-31DEC21-90000-C", "index_price": 48990.07, "direction": "buy", "amount": 0.9}, {"trade_seq": 2956, "trade_id": "194710428", "timestamp": 1639288725623, "tick_direction": 0, "price": 0.001, "mark_price": 0.00072039, "iv": 111.31, "instrument_name": "BTC-31DEC21-90000-C", "index_price": 48985.79, "direction": "buy", "amount": 1.5}, {"trade_seq": 2955, "trade_id": "194686220", "timestamp": 1639262122577, "tick_direction": 3, "price": 0.0005, "mark_price": 0.00072688, "iv": 102.35, "instrument_name": "BTC-31DEC21-90000-C", "index_price": 48813.76, "direction": "sell", "amount": 2.0}, {"trade_seq": 2954, "trade_id": "194630041", "timestamp": 1639210179506, "tick_direction": 3, "price": 0.0005, "mark_price": 0.00052421, "iv": 103.43, "instrument_name": "BTC-31DEC21-90000-C", "index_price": 47924.44, "direction": "sell", "amount": 3.3}, {"trade_seq": 2953, "trade_id": "194630040", "timestamp": 1639210179494, "tick_direction": 3, "price": 0.0005, "mark_price": 0.00052421, "iv": 103.43, "instrument_name": "BTC-31DEC21-90000-C", "index_price": 47924.44, "direction": "buy", "amount": 2.8}, {"trade_seq": 2952, "trade_id": "194627859", "timestamp": 1639208890238, "tick_direction": 3, "price": 0.0005, "mark_price": 0.00072219, "iv": 102.74, "instrument_name": "BTC-31DEC21-90000-C", "index_price": 48129.26, "direction": "buy", "amount": 2.0}, {"trade_seq": 2951, "trade_id": "194523444", "timestamp": 1639153210200, "tick_direction": 3, "price": 0.0005, "mark_price": 0.0007012, "iv": 103.1, "instrument_name": "BTC-31DEC21-90000-C", "index_price": 47450.03, "direction": "sell", "amount": 1.0}, {"trade_seq": 2950, "trade_id": "194448389", "timestamp": 1639125252926, "tick_direction": 3, "price": 0.0005, "mark_price": 0.00090119, "iv": 100.62, "instrument_name": "BTC-31DEC21-90000-C", "index_price": 47988.73, "direction": "sell", "amount": 0.1}, {"trade_seq": 2949, "trade_id": "194443817", "timestamp": 1639123717185, "tick_direction": 3, "price": 0.0005, "mark_price": 0.00091014, "iv": 101.2, "instrument_name": "BTC-31DEC21-90000-C", "index_price": 47771.75, "direction": "sell", "amount": 0.5}, {"trade_seq": 2948, "trade_id": "194443816", "timestamp": 1639123717185, "tick_direction": 3, "price": 0.0005, "mark_price": 0.00091014, "iv": 101.2, "instrument_name": "BTC-31DEC21-90000-C", "index_price": 47771.75, "direction": "sell", "amount": 0.9}, {"trade_seq": 2947, "trade_id": "194443815", "timestamp": 1639123717185, "tick_direction": 3, "price": 0.0005, "mark_price": 0.00091014, "iv": 101.2, "instrument_name": "BTC-31DEC21-90000-C", "index_price": 47771.75, "direction": "sell", "amount": 2.0}, {"trade_seq": 2946, "trade_id": "194443814", "timestamp": 1639123717185, "tick_direction": 3, "price": 0.0005, "mark_price": 0.00091014, "iv": 101.2, "instrument_name": "BTC-31DEC21-90000-C", "index_price": 47771.75, "direction": "sell", "amount": 2.0}, {"trade_seq": 2945, "trade_id": "194443813", "timestamp": 1639123717185, "tick_direction": 3, "price": 0.0005, "mark_price": 0.00091014, "iv": 101.2, "instrument_name": "BTC-31DEC21-90000-C", "index_price": 47771.75, "direction": "sell", "amount": 0.6}, {"trade_seq": 2944, "trade_id": "194443812", "timestamp": 1639123717185, "tick_direction": 3, "price": 0.0005, "mark_price": 0.00091014, "iv": 101.2, "instrument_name": "BTC-31DEC21-90000-C", "index_price": 47771.75, "direction": "sell", "amount": 6.0}, {"trade_seq": 2943, "trade_id": "194443811", "timestamp": 1639123717185, "tick_direction": 3, "price": 0.0005, "mark_price": 0.00091014, "iv": 101.2, "instrument_name": "BTC-31DEC21-90000-C", "index_price": 47771.75, "direction": "sell", "amount": 17.0}, {"trade_seq": 2942, "trade_id": "194443810", "timestamp": 1639123717185, "tick_direction": 2, "price": 0.0005, "mark_price": 0.00091014, "iv": 101.2, "instrument_name": "BTC-31DEC21-90000-C", "index_price": 47771.75, "direction": "sell", "amount": 1.0}, {"trade_seq": 2941, "trade_id": "194293987", "timestamp": 1639046690531, "tick_direction": 3, "price": 0.001, "mark_price": 0.00092872, "iv": 102.78, "instrument_name": "BTC-31DEC21-90000-C", "index_price": 49307.48, "direction": "buy", "amount": 0.5}, {"trade_seq": 2940, "trade_id": "194281097", "timestamp": 1639041484944, "tick_direction": 3, "price": 0.001, "mark_price": 0.00088944, "iv": 102.66, "instrument_name": "BTC-31DEC21-90000-C", "index_price": 49339.05, "direction": "buy", "amount": 0.5}, {"trade_seq": 2939, "trade_id": "194229025", "timestamp": 1639004115326, "tick_direction": 3, "price": 0.001, "mark_price": 0.00134125, "iv": 98.92, "instrument_name": "BTC-31DEC21-90000-C", "index_price": 50261.43, "direction": "sell", "amount": 1.4}, {"trade_seq": 2938, "trade_id": "194228976", "timestamp": 1639004102933, "tick_direction": 3, "price": 0.001, "mark_price": 0.00135757, "iv": 98.91, "instrument_name": "BTC-31DEC21-90000-C", "index_price": 50265.57, "direction": "sell", "amount": 0.5}, {"trade_seq": 2937, "trade_id": "194228975", "timestamp": 1639004102933, "tick_direction": 3, "price": 0.001, "mark_price": 0.00135757, "iv": 98.91, "instrument_name": "BTC-31DEC21-90000-C", "index_price": 50265.57, "direction": "sell", "amount": 0.3}, {"trade_seq": 2936, "trade_id": "194228947", "timestamp": 1639004099448, "tick_direction": 3, "price": 0.001, "mark_price": 0.00136014, "iv": 98.87, "instrument_name": "BTC-31DEC21-90000-C", "index_price": 50280.19, "direction": "sell", "amount": 0.2}, {"trade_seq": 2935, "trade_id": "194228946", "timestamp": 1639004099448, "tick_direction": 3, "price": 0.001, "mark_price": 0.00136014, "iv": 98.87, "instrument_name": "BTC-31DEC21-90000-C", "index_price": 50280.19, "direction": "sell", "amount": 1.3}, {"trade_seq": 2934, "trade_id": "194228926", "timestamp": 1639004096278, "tick_direction": 3, "price": 0.001, "mark_price": 0.00136539, "iv": 98.82, "instrument_name": "BTC-31DEC21-90000-C", "index_price": 50298.57, "direction": "sell", "amount": 1.3}, {"trade_seq": 2933, "trade_id": "194228912", "timestamp": 1639004094079, "tick_direction": 3, "price": 0.001, "mark_price": 0.00135324, "iv": 98.86, "instrument_name": "BTC-31DEC21-90000-C", "index_price": 50282.57, "direction": "sell", "amount": 0.4}, {"trade_seq": 2932, "trade_id": "194228911", "timestamp": 1639004094079, "tick_direction": 2, "price": 0.001, "mark_price": 0.00135324, "iv": 98.86, "instrument_name": "BTC-31DEC21-90000-C", "index_price": 50282.57, "direction": "sell", "amount": 0.8}, {"trade_seq": 2931, "trade_id": "194194153", "timestamp": 1638978090014, "tick_direction": 3, "price": 0.0015, "mark_price": 0.00170216, "iv": 102.07, "instrument_name": "BTC-31DEC21-90000-C", "index_price": 50747.73, "direction": "sell", "amount": 0.4}, {"trade_seq": 2930, "trade_id": "194194152", "timestamp": 1638978090014, "tick_direction": 3, "price": 0.0015, "mark_price": 0.00170216, "iv": 102.07, "instrument_name": "BTC-31DEC21-90000-C", "index_price": 50747.73, "direction": "sell", "amount": 30.0}, {"trade_seq": 2929, "trade_id": "194194151", "timestamp": 1638978090014, "tick_direction": 2, "price": 0.0015, "mark_price": 0.00170216, "iv": 102.07, "instrument_name": "BTC-31DEC21-90000-C", "index_price": 50747.73, "direction": "sell", "amount": 2.3}, {"trade_seq": 2928, "trade_id": "194117661", "timestamp": 1638955529889, "tick_direction": 0, "price": 0.002, "mark_price": 0.00143824, "iv": 106.36, "instrument_name": "BTC-31DEC21-90000-C", "index_price": 50531.6, "direction": "buy", "amount": 0.1}, {"trade_seq": 2927, "trade_id": "194078377", "timestamp": 1638913839476, "tick_direction": 2, "price": 0.001, "mark_price": 0.00142703, "iv": 95.6, "instrument_name": "BTC-31DEC21-90000-C", "index_price": 50652.51, "direction": "sell", "amount": 0.2}, {"trade_seq": 2926, "trade_id": "194074490", "timestamp": 1638911016865, "tick_direction": 2, "price": 0.0015, "mark_price": 0.00176013, "iv": 101.17, "instrument_name": "BTC-31DEC21-90000-C", "index_price": 50495.73, "direction": "sell", "amount": 0.1}, {"trade_seq": 2925, "trade_id": "194036424", "timestamp": 1638893329407, "tick_direction": 1, "price": 0.002, "mark_price": 0.00216996, "iv": 100.69, "instrument_name": "BTC-31DEC21-90000-C", "index_price": 51872.71, "direction": "sell", "amount": 0.5}, {"trade_seq": 2924, "trade_id": "194036418", "timestamp": 1638893325388, "tick_direction": 1, "price": 0.002, "mark_price": 0.00216973, "iv": 100.67, "instrument_name": "BTC-31DEC21-90000-C", "index_price": 51878.7, "direction": "sell", "amount": 1.3}, {"trade_seq": 2923, "trade_id": "194036414", "timestamp": 1638893319344, "tick_direction": 1, "price": 0.002, "mark_price": 0.00216834, "iv": 100.67, "instrument_name": "BTC-31DEC21-90000-C", "index_price": 51878.44, "direction": "sell", "amount": 1.3}, {"trade_seq": 2922, "trade_id": "194036404", "timestamp": 1638893311265, "tick_direction": 1, "price": 0.002, "mark_price": 0.00217166, "iv": 100.63, "instrument_name": "BTC-31DEC21-90000-C", "index_price": 51890.8, "direction": "sell", "amount": 1.2}, {"trade_seq": 2921, "trade_id": "194035603", "timestamp": 1638892911580, "tick_direction": 1, "price": 0.002, "mark_price": 0.0019713, "iv": 100.75, "instrument_name": "BTC-31DEC21-90000-C", "index_price": 51856.91, "direction": "sell", "amount": 1.8}, {"trade_seq": 2920, "trade_id": "194035602", "timestamp": 1638892910810, "tick_direction": 0, "price": 0.002, "mark_price": 0.0019713, "iv": 100.75, "instrument_name": "BTC-31DEC21-90000-C", "index_price": 51857.72, "direction": "sell", "amount": 3.9}, {"trade_seq": 2919, "trade_id": "193971751", "timestamp": 1638865019089, "tick_direction": 1, "price": 0.0015, "mark_price": 0.00126995, "iv": 98.43, "instrument_name": "BTC-31DEC21-90000-C", "index_price": 51018.98, "direction": "buy", "amount": 0.4}, {"trade_seq": 2918, "trade_id": "193971750", "timestamp": 1638865019089, "tick_direction": 1, "price": 0.0015, "mark_price": 0.00126995, "iv": 98.43, "instrument_name": "BTC-31DEC21-90000-C", "index_price": 51018.98, "direction": "buy", "amount": 0.1}, {"trade_seq": 2917, "trade_id": "193971749", "timestamp": 1638865019089, "tick_direction": 0, "price": 0.0015, "mark_price": 0.00126995, "iv": 98.43, "instrument_name": "BTC-31DEC21-90000-C", "index_price": 51018.98, "direction": "buy", "amount": 99.9}, {"trade_seq": 2916, "trade_id": "193935893", "timestamp": 1638840417393, "tick_direction": 3, "price": 0.001, "mark_price": 0.00118505, "iv": 93.33, "instrument_name": "BTC-31DEC21-90000-C", "index_price": 50878.65, "direction": "sell", "amount": 1.0}, {"trade_seq": 2915, "trade_id": "193906721", "timestamp": 1638830172194, "tick_direction": 3, "price": 0.001, "mark_price": 0.0011566, "iv": 94.19, "instrument_name": "BTC-31DEC21-90000-C", "index_price": 50455.08, "direction": "buy", "amount": 62.2}, {"trade_seq": 2914, "trade_id": "193906679", "timestamp": 1638830160102, "tick_direction": 3, "price": 0.001, "mark_price": 0.00116713, "iv": 94.15, "instrument_name": "BTC-31DEC21-90000-C", "index_price": 50472.84, "direction": "buy", "amount": 20.0}, {"trade_seq": 2913, "trade_id": "193906676", "timestamp": 1638830156341, "tick_direction": 3, "price": 0.001, "mark_price": 0.00116817, "iv": 94.16, "instrument_name": "BTC-31DEC21-90000-C", "index_price": 50470.98, "direction": "buy", "amount": 20.0}, {"trade_seq": 2912, "trade_id": "193906618", "timestamp": 1638830144207, "tick_direction": 3, "price": 0.001, "mark_price": 0.00117576, "iv": 94.16, "instrument_name": "BTC-31DEC21-90000-C", "index_price": 50470.02, "direction": "buy", "amount": 20.0}, {"trade_seq": 2911, "trade_id": "193906520", "timestamp": 1638830136478, "tick_direction": 3, "price": 0.001, "mark_price": 0.00118088, "iv": 94.15, "instrument_name": "BTC-31DEC21-90000-C", "index_price": 50465.62, "direction": "buy", "amount": 5.0}, {"trade_seq": 2910, "trade_id": "193906519", "timestamp": 1638830136469, "tick_direction": 3, "price": 0.001, "mark_price": 0.00118088, "iv": 94.15, "instrument_name": "BTC-31DEC21-90000-C", "index_price": 50465.62, "direction": "sell", "amount": 15.0}, {"trade_seq": 2909, "trade_id": "193906508", "timestamp": 1638830129808, "tick_direction": 3, "price": 0.001, "mark_price": 0.00117723, "iv": 94.18, "instrument_name": "BTC-31DEC21-90000-C", "index_price": 50459.4, "direction": "buy", "amount": 5.0}, {"trade_seq": 2908, "trade_id": "193906507", "timestamp": 1638830129780, "tick_direction": 3, "price": 0.001, "mark_price": 0.00117723, "iv": 94.18, "instrument_name": "BTC-31DEC21-90000-C", "index_price": 50459.4, "direction": "sell", "amount": 15.0}, {"trade_seq": 2907, "trade_id": "193904109", "timestamp": 1638829293511, "tick_direction": 3, "price": 0.001, "mark_price": 0.00124983, "iv": 93.36, "instrument_name": "BTC-31DEC21-90000-C", "index_price": 50783.31, "direction": "buy", "amount": 2.0}, {"trade_seq": 2906, "trade_id": "193904106", "timestamp": 1638829293126, "tick_direction": 3, "price": 0.001, "mark_price": 0.00124983, "iv": 93.36, "instrument_name": "BTC-31DEC21-90000-C", "index_price": 50783.31, "direction": "sell", "amount": 0.2}, {"trade_seq": 2905, "trade_id": "193884079", "timestamp": 1638825912324, "tick_direction": 3, "price": 0.001, "mark_price": 0.00112763, "iv": 97.7, "instrument_name": "BTC-31DEC21-90000-C", "index_price": 49165.25, "direction": "sell", "amount": 0.2}, {"trade_seq": 2904, "trade_id": "193884045", "timestamp": 1638825875016, "tick_direction": 3, "price": 0.001, "mark_price": 0.00111054, "iv": 97.71, "instrument_name": "BTC-31DEC21-90000-C", "index_price": 49159.9, "direction": "sell", "amount": 0.2}, {"trade_seq": 2903, "trade_id": "193883970", "timestamp": 1638825826920, "tick_direction": 3, "price": 0.001, "mark_price": 0.00108892, "iv": 97.67, "instrument_name": "BTC-31DEC21-90000-C", "index_price": 49175.07, "direction": "sell", "amount": 0.4}, {"trade_seq": 2902, "trade_id": "193878751", "timestamp": 1638822741727, "tick_direction": 3, "price": 0.001, "mark_price": 0.00091566, "iv": 97.6, "instrument_name": "BTC-31DEC21-90000-C", "index_price": 49159.63, "direction": "buy", "amount": 0.4}, {"trade_seq": 2901, "trade_id": "193759128", "timestamp": 1638785379555, "tick_direction": 3, "price": 0.001, "mark_price": 0.00097855, "iv": 100.89, "instrument_name": "BTC-31DEC21-90000-C", "index_price": 47757.07, "direction": "buy", "amount": 0.5}, {"trade_seq": 2900, "trade_id": "193758459", "timestamp": 1638785292354, "tick_direction": 3, "price": 0.001, "mark_price": 0.00095933, "iv": 101.24, "instrument_name": "BTC-31DEC21-90000-C", "index_price": 47641.45, "direction": "buy", "amount": 0.5}, {"trade_seq": 2899, "trade_id": "193758449", "timestamp": 1638785288319, "tick_direction": 3, "price": 0.001, "mark_price": 0.00096106, "iv": 101.22, "instrument_name": "BTC-31DEC21-90000-C", "index_price": 47638.56, "direction": "buy", "amount": 0.5}, {"trade_seq": 2898, "trade_id": "193758421", "timestamp": 1638785282283, "tick_direction": 2, "price": 0.001, "mark_price": 0.00096613, "iv": 101.16, "instrument_name": "BTC-31DEC21-90000-C", "index_price": 47655.97, "direction": "buy", "amount": 0.5}, {"trade_seq": 2897, "trade_id": "193744099", "timestamp": 1638783077398, "tick_direction": 0, "price": 0.0015, "mark_price": 0.00092617, "iv": 105.01, "instrument_name": "BTC-31DEC21-90000-C", "index_price": 48149.07, "direction": "buy", "amount": 0.1}, {"trade_seq": 2896, "trade_id": "193710273", "timestamp": 1638776401526, "tick_direction": 3, "price": 0.001, "mark_price": 0.00097719, "iv": 99.69, "instrument_name": "BTC-31DEC21-90000-C", "index_price": 48146.06, "direction": "buy", "amount": 102.0}, {"trade_seq": 2895, "trade_id": "193693726", "timestamp": 1638769753986, "tick_direction": 3, "price": 0.001, "mark_price": 0.0014298, "iv": 97.55, "instrument_name": "BTC-31DEC21-90000-C", "index_price": 48918.05, "direction": "sell", "amount": 4.7}, {"trade_seq": 2894, "trade_id": "193693725", "timestamp": 1638769753986, "tick_direction": 3, "price": 0.001, "mark_price": 0.0014298, "iv": 97.55, "instrument_name": "BTC-31DEC21-90000-C", "index_price": 48918.05, "direction": "sell", "amount": 3.0}, {"trade_seq": 2893, "trade_id": "193693724", "timestamp": 1638769753986, "tick_direction": 3, "price": 0.001, "mark_price": 0.0014298, "iv": 97.55, "instrument_name": "BTC-31DEC21-90000-C", "index_price": 48918.05, "direction": "sell", "amount": 0.5}, {"trade_seq": 2892, "trade_id": "193693723", "timestamp": 1638769753986, "tick_direction": 2, "price": 0.001, "mark_price": 0.0014298, "iv": 97.55, "instrument_name": "BTC-31DEC21-90000-C", "index_price": 48918.05, "direction": "sell", "amount": 1.8}, {"trade_seq": 2891, "trade_id": "193487993", "timestamp": 1638663918383, "tick_direction": 3, "price": 0.0015, "mark_price": 0.00193535, "iv": 98.47, "instrument_name": "BTC-31DEC21-90000-C", "index_price": 49545.24, "direction": "sell", "amount": 4.3}, {"trade_seq": 2890, "trade_id": "193487597", "timestamp": 1638663849580, "tick_direction": 3, "price": 0.0015, "mark_price": 0.00201038, "iv": 97.96, "instrument_name": "BTC-31DEC21-90000-C", "index_price": 49711.32, "direction": "sell", "amount": 4.4}, {"trade_seq": 2889, "trade_id": "193487596", "timestamp": 1638663849580, "tick_direction": 2, "price": 0.0015, "mark_price": 0.00201038, "iv": 97.96, "instrument_name": "BTC-31DEC21-90000-C", "index_price": 49711.32, "direction": "sell", "amount": 1.5}, {"trade_seq": 2888, "trade_id": "193448691", "timestamp": 1638645902578, "tick_direction": 1, "price": 0.002, "mark_price": 0.00179061, "iv": 102.64, "instrument_name": "BTC-31DEC21-90000-C", "index_price": 49356.03, "direction": "buy", "amount": 1.0}, {"trade_seq": 2887, "trade_id": "193448690", "timestamp": 1638645902578, "tick_direction": 0, "price": 0.002, "mark_price": 0.00179061, "iv": 102.64, "instrument_name": "BTC-31DEC21-90000-C", "index_price": 49356.03, "direction": "buy", "amount": 0.4}, {"trade_seq": 2886, "trade_id": "193430891", "timestamp": 1638636123217, "tick_direction": 0, "price": 0.0015, "mark_price": 0.00128177, "iv": 101.6, "instrument_name": "BTC-31DEC21-90000-C", "index_price": 48267.0, "direction": "buy", "amount": 0.5}, {"trade_seq": 2885, "trade_id": "193430816", "timestamp": 1638636107188, "tick_direction": 2, "price": 0.001, "mark_price": 0.00128471, "iv": 96.48, "instrument_name": "BTC-31DEC21-90000-C", "index_price": 48260.28, "direction": "sell", "amount": 1.2}, {"trade_seq": 2884, "trade_id": "193390066", "timestamp": 1638624471695, "tick_direction": 0, "price": 0.002, "mark_price": 0.00149465, "iv": 108.53, "instrument_name": "BTC-31DEC21-90000-C", "index_price": 47157.51, "direction": "buy", "amount": 0.3}, {"trade_seq": 2883, "trade_id": "193387344", "timestamp": 1638623919850, "tick_direction": 2, "price": 0.0015, "mark_price": 0.00170533, "iv": 104.59, "instrument_name": "BTC-31DEC21-90000-C", "index_price": 47077.43, "direction": "sell", "amount": 5.0}, {"trade_seq": 2882, "trade_id": "193381491", "timestamp": 1638622318836, "tick_direction": 0, "price": 0.002, "mark_price": 0.0017375, "iv": 107.8, "instrument_name": "BTC-31DEC21-90000-C", "index_price": 47320.81, "direction": "buy", "amount": 1.0}, {"trade_seq": 2881, "trade_id": "193365225", "timestamp": 1638618203517, "tick_direction": 3, "price": 0.0015, "mark_price": 0.00134566, "iv": 106.17, "instrument_name": "BTC-31DEC21-90000-C", "index_price": 46415.64, "direction": "buy", "amount": 0.1}, {"trade_seq": 2880, "trade_id": "193354633", "timestamp": 1638615202621, "tick_direction": 3, "price": 0.0015, "mark_price": 0.00176554, "iv": 103.39, "instrument_name": "BTC-31DEC21-90000-C", "index_price": 47337.49, "direction": "sell", "amount": 0.5}, {"trade_seq": 2879, "trade_id": "193354531", "timestamp": 1638615138620, "tick_direction": 2, "price": 0.0015, "mark_price": 0.0017543, "iv": 103.49, "instrument_name": "BTC-31DEC21-90000-C", "index_price": 47301.67, "direction": "sell", "amount": 2.0}, {"trade_seq": 2878, "trade_id": "193350357", "timestamp": 1638614183313, "tick_direction": 0, "price": 0.002, "mark_price": 0.00167309, "iv": 108.16, "instrument_name": "BTC-31DEC21-90000-C", "index_price": 47157.69, "direction": "buy", "amount": 0.4}, {"trade_seq": 2877, "trade_id": "193343253", "timestamp": 1638610918969, "tick_direction": 0, "price": 0.0015, "mark_price": 0.00130108, "iv": 102.65, "instrument_name": "BTC-31DEC21-90000-C", "index_price": 47606.92, "direction": "buy", "amount": 0.5}, {"trade_seq": 2876, "trade_id": "193331460", "timestamp": 1638607767329, "tick_direction": 3, "price": 0.001, "mark_price": 0.00166017, "iv": 97.41, "instrument_name": "BTC-31DEC21-90000-C", "index_price": 47609.13, "direction": "sell", "amount": 5.5}, {"trade_seq": 2875, "trade_id": "193331459", "timestamp": 1638607767329, "tick_direction": 3, "price": 0.001, "mark_price": 0.00166017, "iv": 97.41, "instrument_name": "BTC-31DEC21-90000-C", "index_price": 47609.13, "direction": "sell", "amount": 40.0}, {"trade_seq": 2874, "trade_id": "193331458", "timestamp": 1638607767329, "tick_direction": 2, "price": 0.001, "mark_price": 0.00166017, "iv": 97.41, "instrument_name": "BTC-31DEC21-90000-C", "index_price": 47609.13, "direction": "sell", "amount": 3.0}, {"trade_seq": 2873, "trade_id": "193331217", "timestamp": 1638607741321, "tick_direction": 3, "price": 0.0015, "mark_price": 0.00168906, "iv": 102.45, "instrument_name": "BTC-31DEC21-90000-C", "index_price": 47635.65, "direction": "buy", "amount": 2.4}, {"trade_seq": 2872, "trade_id": "193331211", "timestamp": 1638607740796, "tick_direction": 2, "price": 0.0015, "mark_price": 0.00168906, "iv": 102.45, "instrument_name": "BTC-31DEC21-90000-C", "index_price": 47635.65, "direction": "sell", "amount": 3.1}, {"trade_seq": 2871, "trade_id": "193322538", "timestamp": 1638606645092, "tick_direction": 1, "price": 0.002, "mark_price": 0.00155322, "iv": 105.95, "instrument_name": "BTC-31DEC21-90000-C", "index_price": 47833.23, "direction": "buy", "amount": 0.5}, {"trade_seq": 2870, "trade_id": "193322537", "timestamp": 1638606645092, "tick_direction": 0, "price": 0.002, "mark_price": 0.00155322, "iv": 105.95, "instrument_name": "BTC-31DEC21-90000-C", "index_price": 47833.23, "direction": "buy", "amount": 0.4}, {"trade_seq": 2869, "trade_id": "193317541", "timestamp": 1638605872330, "tick_direction": 2, "price": 0.0015, "mark_price": 0.00146221, "iv": 102.62, "instrument_name": "BTC-31DEC21-90000-C", "index_price": 47598.06, "direction": "buy", "amount": 1.0}, {"trade_seq": 2868, "trade_id": "193311418", "timestamp": 1638604969887, "tick_direction": 3, "price": 0.002, "mark_price": 0.00158163, "iv": 107.78, "instrument_name": "BTC-31DEC21-90000-C", "index_price": 47182.29, "direction": "buy", "amount": 0.2}, {"trade_seq": 2867, "trade_id": "193305157", "timestamp": 1638604009236, "tick_direction": 3, "price": 0.002, "mark_price": 0.00142185, "iv": 108.58, "instrument_name": "BTC-31DEC21-90000-C", "index_price": 46965.96, "direction": "buy", "amount": 0.4}, {"trade_seq": 2866, "trade_id": "193281845", "timestamp": 1638601127870, "tick_direction": 3, "price": 0.002, "mark_price": 0.00227733, "iv": 106.69, "instrument_name": "BTC-31DEC21-90000-C", "index_price": 47683.89, "direction": "buy", "amount": 7.9}, {"trade_seq": 2865, "trade_id": "193281791", "timestamp": 1638601117384, "tick_direction": 2, "price": 0.002, "mark_price": 0.00229126, "iv": 106.73, "instrument_name": "BTC-31DEC21-90000-C", "index_price": 47662.48, "direction": "sell", "amount": 0.1}, {"trade_seq": 2864, "trade_id": "193257395", "timestamp": 1638598260589, "tick_direction": 3, "price": 0.0025, "mark_price": 0.00303988, "iv": 112.12, "instrument_name": "BTC-31DEC21-90000-C", "index_price": 47203.37, "direction": "sell", "amount": 1.1}, {"trade_seq": 2863, "trade_id": "193254501", "timestamp": 1638598024011, "tick_direction": 2, "price": 0.0025, "mark_price": 0.00296558, "iv": 111.98, "instrument_name": "BTC-31DEC21-90000-C", "index_price": 47248.32, "direction": "sell", "amount": 1.4}, {"trade_seq": 2862, "trade_id": "193247496", "timestamp": 1638597621980, "tick_direction": 2, "price": 0.0035, "mark_price": 0.00402306, "iv": 115.9, "instrument_name": "BTC-31DEC21-90000-C", "index_price": 47751.12, "direction": "sell", "amount": 0.2}, {"trade_seq": 2861, "trade_id": "193240742", "timestamp": 1638597217225, "tick_direction": 2, "price": 0.0065, "mark_price": 0.00393509, "iv": 130.16, "instrument_name": "BTC-31DEC21-90000-C", "index_price": 47324.05, "direction": "buy", "amount": 1.5}, {"trade_seq": 2860, "trade_id": "193239956", "timestamp": 1638597161530, "tick_direction": 1, "price": 0.01, "mark_price": 0.00372149, "iv": 142.01, "instrument_name": "BTC-31DEC21-90000-C", "index_price": 47094.45, "direction": "sell", "amount": 14.0}, {"trade_seq": 2859, "trade_id": "193239955", "timestamp": 1638597161524, "tick_direction": 0, "price": 0.01, "mark_price": 0.00372149, "iv": 142.01, "instrument_name": "BTC-31DEC21-90000-C", "index_price": 47094.45, "direction": "buy", "amount": 1.0}, {"trade_seq": 2858, "trade_id": "193236644", "timestamp": 1638597004052, "tick_direction": 0, "price": 0.0065, "mark_price": 0.00405309, "iv": 129.52, "instrument_name": "BTC-31DEC21-90000-C", "index_price": 47609.01, "direction": "buy", "amount": 0.6}, {"trade_seq": 2857, "trade_id": "193235994", "timestamp": 1638596973265, "tick_direction": 3, "price": 0.006, "mark_price": 0.00408142, "iv": 127.69, "instrument_name": "BTC-31DEC21-90000-C", "index_price": 47618.8, "direction": "buy", "amount": 3.0}, {"trade_seq": 2856, "trade_id": "193235795", "timestamp": 1638596964740, "tick_direction": 3, "price": 0.006, "mark_price": 0.00408158, "iv": 127.76, "instrument_name": "BTC-31DEC21-90000-C", "index_price": 47589.56, "direction": "buy", "amount": 3.0}, {"trade_seq": 2855, "trade_id": "193235621", "timestamp": 1638596959179, "tick_direction": 3, "price": 0.006, "mark_price": 0.00407615, "iv": 127.83, "instrument_name": "BTC-31DEC21-90000-C", "index_price": 47566.06, "direction": "buy", "amount": 3.0}, {"trade_seq": 2854, "trade_id": "193235475", "timestamp": 1638596955073, "tick_direction": 2, "price": 0.006, "mark_price": 0.00412444, "iv": 127.63, "instrument_name": "BTC-31DEC21-90000-C", "index_price": 47616.77, "direction": "buy", "amount": 3.0}, {"trade_seq": 2853, "trade_id": "193198947", "timestamp": 1638595876622, "tick_direction": 1, "price": 0.007, "mark_price": 0.00225822, "liquidation": "T", "iv": 137.86, "instrument_name": "BTC-31DEC21-90000-C", "index_price": 45987.5, "direction": "buy", "amount": 3.7}, {"trade_seq": 2852, "trade_id": "193190828", "timestamp": 1638595726604, "tick_direction": 0, "price": 0.007, "mark_price": 0.00129775, "liquidation": "T", "iv": 145.04, "instrument_name": "BTC-31DEC21-90000-C", "index_price": 45057.45, "direction": "buy", "amount": 0.3}, {"trade_seq": 2851, "trade_id": "192966773", "timestamp": 1638548517327, "tick_direction": 1, "price": 0.0035, "mark_price": 0.00304447, "iv": 91.7, "instrument_name": "BTC-31DEC21-90000-C", "index_price": 55426.46, "direction": "buy", "amount": 0.2}, {"trade_seq": 2850, "trade_id": "192966772", "timestamp": 1638548517327, "tick_direction": 0, "price": 0.0035, "mark_price": 0.00304447, "iv": 91.7, "instrument_name": "BTC-31DEC21-90000-C", "index_price": 55426.46, "direction": "buy", "amount": 3.8}, {"trade_seq": 2849, "trade_id": "192964453", "timestamp": 1638548119535, "tick_direction": 3, "price": 0.003, "mark_price": 0.00317453, "iv": 89.04, "instrument_name": "BTC-31DEC21-90000-C", "index_price": 55581.54, "direction": "buy", "amount": 8.2}, {"trade_seq": 2848, "trade_id": "192963510", "timestamp": 1638548028263, "tick_direction": 3, "price": 0.003, "mark_price": 0.00327731, "iv": 89.34, "instrument_name": "BTC-31DEC21-90000-C", "index_price": 55475.62, "direction": "sell", "amount": 10.8}, {"trade_seq": 2847, "trade_id": "192952591", "timestamp": 1638547346356, "tick_direction": 3, "price": 0.003, "mark_price": 0.00323209, "iv": 87.94, "instrument_name": "BTC-31DEC21-90000-C", "index_price": 55900.27, "direction": "sell", "amount": 3.2}, {"trade_seq": 2846, "trade_id": "192952590", "timestamp": 1638547346356, "tick_direction": 3, "price": 0.003, "mark_price": 0.00323209, "iv": 87.94, "instrument_name": "BTC-31DEC21-90000-C", "index_price": 55900.27, "direction": "sell", "amount": 6.0}, {"trade_seq": 2845, "trade_id": "192952589", "timestamp": 1638547346356, "tick_direction": 3, "price": 0.003, "mark_price": 0.00323209, "iv": 87.94, "instrument_name": "BTC-31DEC21-90000-C", "index_price": 55900.27, "direction": "sell", "amount": 2.8}, {"trade_seq": 2844, "trade_id": "192952588", "timestamp": 1638547346356, "tick_direction": 3, "price": 0.003, "mark_price": 0.00323209, "iv": 87.94, "instrument_name": "BTC-31DEC21-90000-C", "index_price": 55900.27, "direction": "sell", "amount": 12.0}, {"trade_seq": 2843, "trade_id": "192952587", "timestamp": 1638547346356, "tick_direction": 2, "price": 0.003, "mark_price": 0.00323209, "iv": 87.94, "instrument_name": "BTC-31DEC21-90000-C", "index_price": 55900.27, "direction": "sell", "amount": 30.0}, {"trade_seq": 2842, "trade_id": "192944608", "timestamp": 1638545652774, "tick_direction": 0, "price": 0.004, "mark_price": 0.0035353, "iv": 91.14, "instrument_name": "BTC-31DEC21-90000-C", "index_price": 56264.56, "direction": "buy", "amount": 2.5}, {"trade_seq": 2841, "trade_id": "192888478", "timestamp": 1638513418657, "tick_direction": 3, "price": 0.0035, "mark_price": 0.00329198, "iv": 86.55, "instrument_name": "BTC-31DEC21-90000-C", "index_price": 56985.95, "direction": "buy", "amount": 0.9}, {"trade_seq": 2840, "trade_id": "192888440", "timestamp": 1638513378140, "tick_direction": 3, "price": 0.0035, "mark_price": 0.00328977, "iv": 86.6, "instrument_name": "BTC-31DEC21-90000-C", "index_price": 56978.82, "direction": "buy", "amount": 1.2}, {"trade_seq": 2839, "trade_id": "192888422", "timestamp": 1638513358526, "tick_direction": 3, "price": 0.0035, "mark_price": 0.00329145, "iv": 86.61, "instrument_name": "BTC-31DEC21-90000-C", "index_price": 56970.7, "direction": "buy", "amount": 1.3}, {"trade_seq": 2838, "trade_id": "192888410", "timestamp": 1638513331144, "tick_direction": 3, "price": 0.0035, "mark_price": 0.00328709, "iv": 86.65, "instrument_name": "BTC-31DEC21-90000-C", "index_price": 56947.45, "direction": "buy", "amount": 1.2}, {"trade_seq": 2837, "trade_id": "192888397", "timestamp": 1638513322801, "tick_direction": 3, "price": 0.0035, "mark_price": 0.00328458, "iv": 86.67, "instrument_name": "BTC-31DEC21-90000-C", "index_price": 56950.15, "direction": "buy", "amount": 1.2}, {"trade_seq": 2836, "trade_id": "192888337", "timestamp": 1638513314948, "tick_direction": 3, "price": 0.0035, "mark_price": 0.00327034, "iv": 86.73, "instrument_name": "BTC-31DEC21-90000-C", "index_price": 56924.89, "direction": "buy", "amount": 1.2}, {"trade_seq": 2835, "trade_id": "192888294", "timestamp": 1638513231375, "tick_direction": 3, "price": 0.0035, "mark_price": 0.00327906, "iv": 86.75, "instrument_name": "BTC-31DEC21-90000-C", "index_price": 56909.89, "direction": "buy", "amount": 1.2}, {"trade_seq": 2834, "trade_id": "192888161", "timestamp": 1638513002293, "tick_direction": 3, "price": 0.0035, "mark_price": 0.00327393, "iv": 86.83, "instrument_name": "BTC-31DEC21-90000-C", "index_price": 56899.51, "direction": "buy", "amount": 1.2}, {"trade_seq": 2833, "trade_id": "192886497", "timestamp": 1638510496315, "tick_direction": 3, "price": 0.0035, "mark_price": 0.00334844, "iv": 86.38, "instrument_name": "BTC-31DEC21-90000-C", "index_price": 57009.99, "direction": "buy", "amount": 1.2}, {"trade_seq": 2832, "trade_id": "192886472", "timestamp": 1638510495849, "tick_direction": 3, "price": 0.0035, "mark_price": 0.00334844, "iv": 86.41, "instrument_name": "BTC-31DEC21-90000-C", "index_price": 57001.25, "direction": "buy", "amount": 1.2}, {"trade_seq": 2831, "trade_id": "192886301", "timestamp": 1638510492388, "tick_direction": 3, "price": 0.0035, "mark_price": 0.00332329, "iv": 86.49, "instrument_name": "BTC-31DEC21-90000-C", "index_price": 56973.58, "direction": "buy", "amount": 1.2}, {"trade_seq": 2830, "trade_id": "192886115", "timestamp": 1638510488499, "tick_direction": 3, "price": 0.0035, "mark_price": 0.00330902, "iv": 86.59, "instrument_name": "BTC-31DEC21-90000-C", "index_price": 56935.56, "direction": "buy", "amount": 1.2}, {"trade_seq": 2829, "trade_id": "192886063", "timestamp": 1638510426797, "tick_direction": 3, "price": 0.0035, "mark_price": 0.00331158, "iv": 86.65, "instrument_name": "BTC-31DEC21-90000-C", "index_price": 56913.15, "direction": "buy", "amount": 1.3}, {"trade_seq": 2828, "trade_id": "192885932", "timestamp": 1638510296224, "tick_direction": 3, "price": 0.0035, "mark_price": 0.00336563, "iv": 86.6, "instrument_name": "BTC-31DEC21-90000-C", "index_price": 56926.64, "direction": "buy", "amount": 1.2}, {"trade_seq": 2827, "trade_id": "192885300", "timestamp": 1638510150016, "tick_direction": 3, "price": 0.0035, "mark_price": 0.00340354, "iv": 86.77, "instrument_name": "BTC-31DEC21-90000-C", "index_price": 56855.15, "direction": "buy", "amount": 1.2}, {"trade_seq": 2826, "trade_id": "192885103", "timestamp": 1638510094440, "tick_direction": 3, "price": 0.0035, "mark_price": 0.0033695, "iv": 87.05, "instrument_name": "BTC-31DEC21-90000-C", "index_price": 56761.12, "direction": "buy", "amount": 1.4}, {"trade_seq": 2825, "trade_id": "192885088", "timestamp": 1638510090107, "tick_direction": 3, "price": 0.0035, "mark_price": 0.00336638, "iv": 87.08, "instrument_name": "BTC-31DEC21-90000-C", "index_price": 56752.39, "direction": "buy", "amount": 1.2}, {"trade_seq": 2824, "trade_id": "192885062", "timestamp": 1638510087976, "tick_direction": 3, "price": 0.0035, "mark_price": 0.00335691, "iv": 87.13, "instrument_name": "BTC-31DEC21-90000-C", "index_price": 56735.2, "direction": "buy", "amount": 1.3}, {"trade_seq": 2823, "trade_id": "192885046", "timestamp": 1638510082827, "tick_direction": 3, "price": 0.0035, "mark_price": 0.0033572, "iv": 87.15, "instrument_name": "BTC-31DEC21-90000-C", "index_price": 56726.08, "direction": "buy", "amount": 1.4}, {"trade_seq": 2822, "trade_id": "192883746", "timestamp": 1638507845151, "tick_direction": 3, "price": 0.0035, "mark_price": 0.00327148, "iv": 87.23, "instrument_name": "BTC-31DEC21-90000-C", "index_price": 56663.46, "direction": "buy", "amount": 1.0}, {"trade_seq": 2821, "trade_id": "192879328", "timestamp": 1638503068030, "tick_direction": 3, "price": 0.0035, "mark_price": 0.00396457, "iv": 87.76, "instrument_name": "BTC-31DEC21-90000-C", "index_price": 56488.96, "direction": "buy", "amount": 5.7}, {"trade_seq": 2820, "trade_id": "192879325", "timestamp": 1638503064460, "tick_direction": 3, "price": 0.0035, "mark_price": 0.00397881, "iv": 87.76, "instrument_name": "BTC-31DEC21-90000-C", "index_price": 56491.26, "direction": "buy", "amount": 1.9}, {"trade_seq": 2819, "trade_id": "192879324", "timestamp": 1638503064318, "tick_direction": 3, "price": 0.0035, "mark_price": 0.00397881, "iv": 87.76, "instrument_name": "BTC-31DEC21-90000-C", "index_price": 56491.26, "direction": "buy", "amount": 5.7}, {"trade_seq": 2818, "trade_id": "192879323", "timestamp": 1638503064113, "tick_direction": 3, "price": 0.0035, "mark_price": 0.00397881, "iv": 87.76, "instrument_name": "BTC-31DEC21-90000-C", "index_price": 56491.26, "direction": "buy", "amount": 3.3}, {"trade_seq": 2817, "trade_id": "192879318", "timestamp": 1638503063348, "tick_direction": 3, "price": 0.0035, "mark_price": 0.0039814, "iv": 87.76, "instrument_name": "BTC-31DEC21-90000-C", "index_price": 56490.59, "direction": "buy", "amount": 5.6}, {"trade_seq": 2816, "trade_id": "192879317", "timestamp": 1638503063336, "tick_direction": 3, "price": 0.0035, "mark_price": 0.0039814, "iv": 87.76, "instrument_name": "BTC-31DEC21-90000-C", "index_price": 56490.59, "direction": "buy", "amount": 5.7}, {"trade_seq": 2815, "trade_id": "192879316", "timestamp": 1638503063320, "tick_direction": 3, "price": 0.0035, "mark_price": 0.0039814, "iv": 87.76, "instrument_name": "BTC-31DEC21-90000-C", "index_price": 56490.59, "direction": "sell", "amount": 20.5}, {"trade_seq": 2814, "trade_id": "192879315", "timestamp": 1638503063320, "tick_direction": 3, "price": 0.0035, "mark_price": 0.0039814, "iv": 87.76, "instrument_name": "BTC-31DEC21-90000-C", "index_price": 56490.59, "direction": "sell", "amount": 7.4}, {"trade_seq": 2813, "trade_id": "192858146", "timestamp": 1638477992907, "tick_direction": 3, "price": 0.0035, "mark_price": 0.00388886, "iv": 85.73, "instrument_name": "BTC-31DEC21-90000-C", "index_price": 57041.39, "direction": "sell", "amount": 0.2}, {"trade_seq": 2812, "trade_id": "192858145", "timestamp": 1638477992907, "tick_direction": 3, "price": 0.0035, "mark_price": 0.00388886, "iv": 85.73, "instrument_name": "BTC-31DEC21-90000-C", "index_price": 57041.39, "direction": "sell", "amount": 0.5}, {"trade_seq": 2811, "trade_id": "192806097", "timestamp": 1638451939980, "tick_direction": 2, "price": 0.0035, "mark_price": 0.00379726, "iv": 87.48, "instrument_name": "BTC-31DEC21-90000-C", "index_price": 56266.63, "direction": "sell", "amount": 0.1}, {"trade_seq": 2810, "trade_id": "192804281", "timestamp": 1638451422720, "tick_direction": 3, "price": 0.004, "mark_price": 0.00419037, "iv": 88.85, "instrument_name": "BTC-31DEC21-90000-C", "index_price": 56497.11, "direction": "sell", "amount": 0.5}, {"trade_seq": 2809, "trade_id": "192804257", "timestamp": 1638451408594, "tick_direction": 3, "price": 0.004, "mark_price": 0.00419884, "iv": 88.79, "instrument_name": "BTC-31DEC21-90000-C", "index_price": 56515.72, "direction": "sell", "amount": 1.2}, {"trade_seq": 2808, "trade_id": "192804234", "timestamp": 1638451389101, "tick_direction": 3, "price": 0.004, "mark_price": 0.00420854, "iv": 88.74, "instrument_name": "BTC-31DEC21-90000-C", "index_price": 56530.18, "direction": "sell", "amount": 1.2}, {"trade_seq": 2807, "trade_id": "192804109", "timestamp": 1638451193669, "tick_direction": 3, "price": 0.004, "mark_price": 0.00422123, "iv": 88.63, "instrument_name": "BTC-31DEC21-90000-C", "index_price": 56565.35, "direction": "sell", "amount": 1.3}, {"trade_seq": 2806, "trade_id": "192804058", "timestamp": 1638451106037, "tick_direction": 3, "price": 0.004, "mark_price": 0.00423444, "iv": 88.56, "instrument_name": "BTC-31DEC21-90000-C", "index_price": 56592.1, "direction": "sell", "amount": 0.8}, {"trade_seq": 2805, "trade_id": "192804057", "timestamp": 1638451106037, "tick_direction": 3, "price": 0.004, "mark_price": 0.00423444, "iv": 88.56, "instrument_name": "BTC-31DEC21-90000-C", "index_price": 56592.1, "direction": "sell", "amount": 0.4}, {"trade_seq": 2804, "trade_id": "192785306", "timestamp": 1638440038389, "tick_direction": 3, "price": 0.004, "mark_price": 0.00422738, "iv": 87.82, "instrument_name": "BTC-31DEC21-90000-C", "index_price": 56763.42, "direction": "sell", "amount": 1.6}, {"trade_seq": 2803, "trade_id": "192785305", "timestamp": 1638440038389, "tick_direction": 3, "price": 0.004, "mark_price": 0.00422738, "iv": 87.82, "instrument_name": "BTC-31DEC21-90000-C", "index_price": 56763.42, "direction": "sell", "amount": 0.4}, {"trade_seq": 2802, "trade_id": "192780531", "timestamp": 1638435708938, "tick_direction": 3, "price": 0.004, "mark_price": 0.00423399, "iv": 87.05, "instrument_name": "BTC-31DEC21-90000-C", "index_price": 57006.1, "direction": "sell", "amount": 0.1}, {"trade_seq": 2801, "trade_id": "192749594", "timestamp": 1638415179260, "tick_direction": 2, "price": 0.004, "mark_price": 0.00412552, "iv": 89.32, "instrument_name": "BTC-31DEC21-90000-C", "index_price": 55997.54, "direction": "sell", "amount": 0.8}, {"trade_seq": 2800, "trade_id": "192728339", "timestamp": 1638401691651, "tick_direction": 3, "price": 0.0045, "mark_price": 0.00450831, "iv": 87.72, "instrument_name": "BTC-31DEC21-90000-C", "index_price": 57170.9, "direction": "buy", "amount": 1.0}, {"trade_seq": 2799, "trade_id": "192728297", "timestamp": 1638401648667, "tick_direction": 3, "price": 0.0045, "mark_price": 0.00453126, "iv": 87.76, "instrument_name": "BTC-31DEC21-90000-C", "index_price": 57136.87, "direction": "buy", "amount": 1.0}, {"trade_seq": 2798, "trade_id": "192714129", "timestamp": 1638392563212, "tick_direction": 2, "price": 0.0045, "mark_price": 0.00468318, "iv": 88.91, "instrument_name": "BTC-31DEC21-90000-C", "index_price": 56605.63, "direction": "sell", "amount": 1.3}, {"trade_seq": 2797, "trade_id": "192711028", "timestamp": 1638392069736, "tick_direction": 3, "price": 0.005, "mark_price": 0.00515383, "iv": 89.84, "instrument_name": "BTC-31DEC21-90000-C", "index_price": 56878.83, "direction": "sell", "amount": 0.1}, {"trade_seq": 2796, "trade_id": "192710802", "timestamp": 1638391930053, "tick_direction": 3, "price": 0.005, "mark_price": 0.00513273, "iv": 89.78, "instrument_name": "BTC-31DEC21-90000-C", "index_price": 56893.81, "direction": "sell", "amount": 0.9}, {"trade_seq": 2795, "trade_id": "192710801", "timestamp": 1638391930053, "tick_direction": 3, "price": 0.005, "mark_price": 0.00513273, "iv": 89.78, "instrument_name": "BTC-31DEC21-90000-C", "index_price": 56893.81, "direction": "sell", "amount": 0.3}, {"trade_seq": 2794, "trade_id": "192699379", "timestamp": 1638386697709, "tick_direction": 2, "price": 0.005, "mark_price": 0.00539062, "iv": 88.52, "instrument_name": "BTC-31DEC21-90000-C", "index_price": 57356.49, "direction": "sell", "amount": 0.1}, {"trade_seq": 2793, "trade_id": "192678456", "timestamp": 1638375674234, "tick_direction": 3, "price": 0.006, "mark_price": 0.00624513, "iv": 87.05, "instrument_name": "BTC-31DEC21-90000-C", "index_price": 58933.65, "direction": "sell", "amount": 0.6}, {"trade_seq": 2792, "trade_id": "192678455", "timestamp": 1638375674234, "tick_direction": 3, "price": 0.006, "mark_price": 0.00624513, "iv": 87.05, "instrument_name": "BTC-31DEC21-90000-C", "index_price": 58933.65, "direction": "sell", "amount": 0.4}, {"trade_seq": 2791, "trade_id": "192670710", "timestamp": 1638373466372, "tick_direction": 2, "price": 0.006, "mark_price": 0.00614967, "iv": 88.12, "instrument_name": "BTC-31DEC21-90000-C", "index_price": 58517.39, "direction": "buy", "amount": 0.6}, {"trade_seq": 2790, "trade_id": "192656921", "timestamp": 1638369029006, "tick_direction": 0, "price": 0.0065, "mark_price": 0.00632149, "iv": 89.41, "instrument_name": "BTC-31DEC21-90000-C", "index_price": 58564.44, "direction": "buy", "amount": 0.1}, {"trade_seq": 2789, "trade_id": "192643570", "timestamp": 1638363141131, "tick_direction": 0, "price": 0.006, "mark_price": 0.00547649, "iv": 91.78, "instrument_name": "BTC-31DEC21-90000-C", "index_price": 57174.38, "direction": "buy", "amount": 0.3}, {"trade_seq": 2788, "trade_id": "192614997", "timestamp": 1638345859473, "tick_direction": 3, "price": 0.005, "mark_price": 0.00551239, "iv": 88.31, "instrument_name": "BTC-31DEC21-90000-C", "index_price": 57150.62, "direction": "sell", "amount": 0.5}, {"trade_seq": 2787, "trade_id": "192573020", "timestamp": 1638309068833, "tick_direction": 2, "price": 0.005, "mark_price": 0.00564352, "iv": 87.63, "instrument_name": "BTC-31DEC21-90000-C", "index_price": 57207.66, "direction": "sell", "amount": 0.1}, {"trade_seq": 2786, "trade_id": "192548162", "timestamp": 1638297569457, "tick_direction": 3, "price": 0.0065, "mark_price": 0.0059886, "iv": 90.49, "instrument_name": "BTC-31DEC21-90000-C", "index_price": 57782.01, "direction": "buy", "amount": 2.0}, {"trade_seq": 2785, "trade_id": "192526147", "timestamp": 1638289890156, "tick_direction": 2, "price": 0.0065, "mark_price": 0.0063728, "iv": 91.26, "instrument_name": "BTC-31DEC21-90000-C", "index_price": 57459.41, "direction": "sell", "amount": 0.8}, {"trade_seq": 2784, "trade_id": "192497142", "timestamp": 1638286865446, "tick_direction": 0, "price": 0.0075, "mark_price": 0.00705633, "iv": 89.93, "instrument_name": "BTC-31DEC21-90000-C", "index_price": 58815.74, "direction": "buy", "amount": 0.6}, {"trade_seq": 2783, "trade_id": "192473808", "timestamp": 1638281800369, "tick_direction": 2, "price": 0.007, "mark_price": 0.00685627, "iv": 90.32, "instrument_name": "BTC-31DEC21-90000-C", "index_price": 58228.0, "direction": "sell", "amount": 1.0}, {"trade_seq": 2782, "trade_id": "192473729", "timestamp": 1638281782320, "tick_direction": 1, "price": 0.0075, "mark_price": 0.00684949, "iv": 91.55, "instrument_name": "BTC-31DEC21-90000-C", "index_price": 58251.78, "direction": "buy", "amount": 0.5}, {"trade_seq": 2781, "trade_id": "192473728", "timestamp": 1638281782320, "tick_direction": 1, "price": 0.0075, "mark_price": 0.00684949, "iv": 91.55, "instrument_name": "BTC-31DEC21-90000-C", "index_price": 58251.78, "direction": "buy", "amount": 0.4}, {"trade_seq": 2780, "trade_id": "192473727", "timestamp": 1638281782320, "tick_direction": 0, "price": 0.0075, "mark_price": 0.00684949, "iv": 91.55, "instrument_name": "BTC-31DEC21-90000-C", "index_price": 58251.78, "direction": "buy", "amount": 0.1}, {"trade_seq": 2779, "trade_id": "192459959", "timestamp": 1638275655321, "tick_direction": 0, "price": 0.006, "mark_price": 0.00651862, "iv": 87.8, "instrument_name": "BTC-31DEC21-90000-C", "index_price": 58108.4, "direction": "sell", "amount": 0.2}, {"trade_seq": 2778, "trade_id": "192423642", "timestamp": 1638261432895, "tick_direction": 2, "price": 0.005, "mark_price": 0.0051299, "iv": 88.6, "instrument_name": "BTC-31DEC21-90000-C", "index_price": 56640.31, "direction": "sell", "amount": 4.0}, {"trade_seq": 2777, "trade_id": "192402606", "timestamp": 1638252918679, "tick_direction": 3, "price": 0.0055, "mark_price": 0.00567576, "iv": 91.46, "instrument_name": "BTC-31DEC21-90000-C", "index_price": 56121.95, "direction": "sell", "amount": 2.0}, {"trade_seq": 2776, "trade_id": "192402605", "timestamp": 1638252918679, "tick_direction": 3, "price": 0.0055, "mark_price": 0.00567576, "iv": 91.46, "instrument_name": "BTC-31DEC21-90000-C", "index_price": 56121.95, "direction": "sell", "amount": 0.2}, {"trade_seq": 2775, "trade_id": "192402604", "timestamp": 1638252918679, "tick_direction": 3, "price": 0.0055, "mark_price": 0.00567576, "iv": 91.46, "instrument_name": "BTC-31DEC21-90000-C", "index_price": 56121.95, "direction": "sell", "amount": 5.0}, {"trade_seq": 2774, "trade_id": "192402603", "timestamp": 1638252918679, "tick_direction": 3, "price": 0.0055, "mark_price": 0.00567576, "iv": 91.46, "instrument_name": "BTC-31DEC21-90000-C", "index_price": 56121.95, "direction": "sell", "amount": 2.3}, {"trade_seq": 2773, "trade_id": "192400207", "timestamp": 1638252354855, "tick_direction": 2, "price": 0.0055, "mark_price": 0.00572212, "iv": 90.89, "instrument_name": "BTC-31DEC21-90000-C", "index_price": 56323.91, "direction": "sell", "amount": 1.2}, {"trade_seq": 2772, "trade_id": "192327967", "timestamp": 1638212941672, "tick_direction": 2, "price": 0.006, "mark_price": 0.00638353, "iv": 85.68, "instrument_name": "BTC-31DEC21-90000-C", "index_price": 58534.67, "direction": "sell", "amount": 0.8}, {"trade_seq": 2771, "trade_id": "192327511", "timestamp": 1638212688898, "tick_direction": 2, "price": 0.0065, "mark_price": 0.00667466, "iv": 86.89, "instrument_name": "BTC-31DEC21-90000-C", "index_price": 58601.57, "direction": "sell", "amount": 0.1}, {"trade_seq": 2770, "trade_id": "192327009", "timestamp": 1638212472842, "tick_direction": 0, "price": 0.007, "mark_price": 0.00672873, "iv": 87.93, "instrument_name": "BTC-31DEC21-90000-C", "index_price": 58701.12, "direction": "buy", "amount": 1.0}, {"trade_seq": 2769, "trade_id": "192325867", "timestamp": 1638211512083, "tick_direction": 2, "price": 0.0065, "mark_price": 0.00674556, "iv": 86.53, "instrument_name": "BTC-31DEC21-90000-C", "index_price": 58712.45, "direction": "sell", "amount": 0.1}, {"trade_seq": 2768, "trade_id": "192320938", "timestamp": 1638209307839, "tick_direction": 0, "price": 0.007, "mark_price": 0.00674183, "iv": 88.09, "instrument_name": "BTC-31DEC21-90000-C", "index_price": 58592.85, "direction": "buy", "amount": 5.0}, {"trade_seq": 2767, "trade_id": "192313946", "timestamp": 1638206986469, "tick_direction": 0, "price": 0.0065, "mark_price": 0.00702397, "iv": 86.66, "instrument_name": "BTC-31DEC21-90000-C", "index_price": 58622.14, "direction": "sell", "amount": 0.3}, {"trade_seq": 2766, "trade_id": "192302774", "timestamp": 1638205411834, "tick_direction": 1, "price": 0.006, "mark_price": 0.00583439, "iv": 88.03, "instrument_name": "BTC-31DEC21-90000-C", "index_price": 57600.03, "direction": "buy", "amount": 0.1}, {"trade_seq": 2765, "trade_id": "192301300", "timestamp": 1638204960339, "tick_direction": 1, "price": 0.006, "mark_price": 0.0058079, "iv": 88.37, "instrument_name": "BTC-31DEC21-90000-C", "index_price": 57455.13, "direction": "buy", "amount": 0.7}, {"trade_seq": 2764, "trade_id": "192301299", "timestamp": 1638204960339, "tick_direction": 1, "price": 0.006, "mark_price": 0.0058079, "iv": 88.37, "instrument_name": "BTC-31DEC21-90000-C", "index_price": 57455.13, "direction": "buy", "amount": 1.5}, {"trade_seq": 2763, "trade_id": "192301298", "timestamp": 1638204960339, "tick_direction": 1, "price": 0.006, "mark_price": 0.0058079, "iv": 88.37, "instrument_name": "BTC-31DEC21-90000-C", "index_price": 57455.13, "direction": "buy", "amount": 0.9}, {"trade_seq": 2762, "trade_id": "192301297", "timestamp": 1638204960339, "tick_direction": 0, "price": 0.006, "mark_price": 0.0058079, "iv": 88.37, "instrument_name": "BTC-31DEC21-90000-C", "index_price": 57455.13, "direction": "buy", "amount": 0.9}, {"trade_seq": 2761, "trade_id": "192296891", "timestamp": 1638200903409, "tick_direction": 2, "price": 0.0055, "mark_price": 0.00578849, "iv": 88.09, "instrument_name": "BTC-31DEC21-90000-C", "index_price": 57023.32, "direction": "sell", "amount": 0.5}, {"trade_seq": 2760, "trade_id": "192285830", "timestamp": 1638192760181, "tick_direction": 3, "price": 0.006, "mark_price": 0.00622319, "iv": 89.13, "instrument_name": "BTC-31DEC21-90000-C", "index_price": 57110.9, "direction": "sell", "amount": 0.6}, {"trade_seq": 2759, "trade_id": "192271103", "timestamp": 1638179787590, "tick_direction": 3, "price": 0.006, "mark_price": 0.00623592, "iv": 89.37, "instrument_name": "BTC-31DEC21-90000-C", "index_price": 56890.44, "direction": "sell", "amount": 1.0}, {"trade_seq": 2758, "trade_id": "192270255", "timestamp": 1638179515448, "tick_direction": 2, "price": 0.006, "mark_price": 0.00617066, "iv": 89.28, "instrument_name": "BTC-31DEC21-90000-C", "index_price": 56921.07, "direction": "sell", "amount": 2.0}, {"trade_seq": 2757, "trade_id": "192270130", "timestamp": 1638179389132, "tick_direction": 1, "price": 0.007, "mark_price": 0.00623822, "iv": 91.81, "instrument_name": "BTC-31DEC21-90000-C", "index_price": 57000.8, "direction": "buy", "amount": 1.0}, {"trade_seq": 2756, "trade_id": "192270129", "timestamp": 1638179389132, "tick_direction": 1, "price": 0.007, "mark_price": 0.00623822, "iv": 91.81, "instrument_name": "BTC-31DEC21-90000-C", "index_price": 57000.8, "direction": "buy", "amount": 10.0}, {"trade_seq": 2755, "trade_id": "192270128", "timestamp": 1638179389132, "tick_direction": 1, "price": 0.007, "mark_price": 0.00623822, "iv": 91.81, "instrument_name": "BTC-31DEC21-90000-C", "index_price": 57000.8, "direction": "buy", "amount": 6.2}, {"trade_seq": 2754, "trade_id": "192270127", "timestamp": 1638179389132, "tick_direction": 1, "price": 0.007, "mark_price": 0.00623822, "iv": 91.81, "instrument_name": "BTC-31DEC21-90000-C", "index_price": 57000.8, "direction": "buy", "amount": 30.0}, {"trade_seq": 2753, "trade_id": "192270126", "timestamp": 1638179389132, "tick_direction": 0, "price": 0.007, "mark_price": 0.00623822, "iv": 91.81, "instrument_name": "BTC-31DEC21-90000-C", "index_price": 57000.8, "direction": "buy", "amount": 0.8}, {"trade_seq": 2752, "trade_id": "192270125", "timestamp": 1638179389132, "tick_direction": 1, "price": 0.0065, "mark_price": 0.00623822, "iv": 90.45, "instrument_name": "BTC-31DEC21-90000-C", "index_price": 57000.8, "direction": "buy", "amount": 1.5}, {"trade_seq": 2751, "trade_id": "192270116", "timestamp": 1638179381087, "tick_direction": 1, "price": 0.0065, "mark_price": 0.00624051, "iv": 90.47, "instrument_name": "BTC-31DEC21-90000-C", "index_price": 56997.49, "direction": "buy", "amount": 6.2}, {"trade_seq": 2750, "trade_id": "192270115", "timestamp": 1638179381087, "tick_direction": 1, "price": 0.0065, "mark_price": 0.00624051, "iv": 90.47, "instrument_name": "BTC-31DEC21-90000-C", "index_price": 56997.49, "direction": "buy", "amount": 12.0}, {"trade_seq": 2749, "trade_id": "192270114", "timestamp": 1638179381087, "tick_direction": 0, "price": 0.0065, "mark_price": 0.00624051, "iv": 90.47, "instrument_name": "BTC-31DEC21-90000-C", "index_price": 56997.49, "direction": "buy", "amount": 2.3}, {"trade_seq": 2748, "trade_id": "192266167", "timestamp": 1638178309314, "tick_direction": 2, "price": 0.006, "mark_price": 0.00625571, "iv": 87.95, "instrument_name": "BTC-31DEC21-90000-C", "index_price": 57400.23, "direction": "sell", "amount": 0.9}, {"trade_seq": 2747, "trade_id": "192266090", "timestamp": 1638178229012, "tick_direction": 0, "price": 0.0065, "mark_price": 0.00624202, "iv": 89.39, "instrument_name": "BTC-31DEC21-90000-C", "index_price": 57389.35, "direction": "buy", "amount": 1.0}, {"trade_seq": 2746, "trade_id": "192262737", "timestamp": 1638174535528, "tick_direction": 2, "price": 0.006, "mark_price": 0.00616991, "iv": 88.26, "instrument_name": "BTC-31DEC21-90000-C", "index_price": 57301.57, "direction": "sell", "amount": 0.5}, {"trade_seq": 2745, "trade_id": "192243013", "timestamp": 1638153315500, "tick_direction": 2, "price": 0.0065, "mark_price": 0.00698111, "iv": 88.4, "instrument_name": "BTC-31DEC21-90000-C", "index_price": 57581.47, "direction": "sell", "amount": 0.1}, {"trade_seq": 2744, "trade_id": "192227990", "timestamp": 1638146444346, "tick_direction": 3, "price": 0.008, "mark_price": 0.00796154, "iv": 91.6, "instrument_name": "BTC-31DEC21-90000-C", "index_price": 57774.41, "direction": "sell", "amount": 28.5}, {"trade_seq": 2743, "trade_id": "192227852", "timestamp": 1638146361942, "tick_direction": 3, "price": 0.008, "mark_price": 0.00790878, "iv": 91.54, "instrument_name": "BTC-31DEC21-90000-C", "index_price": 57787.55, "direction": "sell", "amount": 25.0}, {"trade_seq": 2742, "trade_id": "192227847", "timestamp": 1638146359807, "tick_direction": 2, "price": 0.008, "mark_price": 0.0079046, "iv": 91.55, "instrument_name": "BTC-31DEC21-90000-C", "index_price": 57784.74, "direction": "sell", "amount": 25.0}, {"trade_seq": 2741, "trade_id": "192227321", "timestamp": 1638146219775, "tick_direction": 1, "price": 0.0085, "mark_price": 0.00794582, "iv": 92.51, "instrument_name": "BTC-31DEC21-90000-C", "index_price": 57877.27, "direction": "sell", "amount": 7.9}, {"trade_seq": 2740, "trade_id": "192227320", "timestamp": 1638146219769, "tick_direction": 1, "price": 0.0085, "mark_price": 0.00794582, "iv": 92.51, "instrument_name": "BTC-31DEC21-90000-C", "index_price": 57877.27, "direction": "buy", "amount": 9.5}, {"trade_seq": 2739, "trade_id": "192227319", "timestamp": 1638146219769, "tick_direction": 1, "price": 0.0085, "mark_price": 0.00794582, "iv": 92.51, "instrument_name": "BTC-31DEC21-90000-C", "index_price": 57877.27, "direction": "buy", "amount": 2.6}, {"trade_seq": 2738, "trade_id": "192227318", "timestamp": 1638146219769, "tick_direction": 0, "price": 0.0085, "mark_price": 0.00794582, "iv": 92.51, "instrument_name": "BTC-31DEC21-90000-C", "index_price": 57877.27, "direction": "buy", "amount": 30.0}, {"trade_seq": 2737, "trade_id": "192205528", "timestamp": 1638140803064, "tick_direction": 1, "price": 0.007, "mark_price": 0.00658728, "iv": 92.27, "instrument_name": "BTC-31DEC21-90000-C", "index_price": 56591.69, "direction": "buy", "amount": 0.3}, {"trade_seq": 2736, "trade_id": "192197941", "timestamp": 1638137340980, "tick_direction": 0, "price": 0.007, "mark_price": 0.00643555, "iv": 92.24, "instrument_name": "BTC-31DEC21-90000-C", "index_price": 56564.9, "direction": "buy", "amount": 1.0}, {"trade_seq": 2735, "trade_id": "192194768", "timestamp": 1638136929069, "tick_direction": 1, "price": 0.0065, "mark_price": 0.00627629, "iv": 91.4, "instrument_name": "BTC-31DEC21-90000-C", "index_price": 56383.77, "direction": "buy", "amount": 3.1}, {"trade_seq": 2734, "trade_id": "192194767", "timestamp": 1638136929069, "tick_direction": 1, "price": 0.0065, "mark_price": 0.00627629, "iv": 91.4, "instrument_name": "BTC-31DEC21-90000-C", "index_price": 56383.77, "direction": "buy", "amount": 13.3}, {"trade_seq": 2733, "trade_id": "192193078", "timestamp": 1638136670438, "tick_direction": 0, "price": 0.0065, "mark_price": 0.00627449, "iv": 91.63, "instrument_name": "BTC-31DEC21-90000-C", "index_price": 56303.33, "direction": "buy", "amount": 3.0}, {"trade_seq": 2732, "trade_id": "192173456", "timestamp": 1638129649156, "tick_direction": 0, "price": 0.0055, "mark_price": 0.00568997, "iv": 93.12, "instrument_name": "BTC-31DEC21-90000-C", "index_price": 54697.09, "direction": "sell", "amount": 1.1}, {"trade_seq": 2731, "trade_id": "192155864", "timestamp": 1638124232063, "tick_direction": 0, "price": 0.0045, "mark_price": 0.00450304, "iv": 92.36, "instrument_name": "BTC-31DEC21-90000-C", "index_price": 53766.9, "direction": "buy", "amount": 0.5}, {"trade_seq": 2730, "trade_id": "192155230", "timestamp": 1638124084742, "tick_direction": 2, "price": 0.004, "mark_price": 0.00453816, "iv": 90.45, "instrument_name": "BTC-31DEC21-90000-C", "index_price": 53758.21, "direction": "sell", "amount": 1.5}, {"trade_seq": 2729, "trade_id": "192155003", "timestamp": 1638123922375, "tick_direction": 1, "price": 0.0045, "mark_price": 0.00470906, "iv": 92.17, "instrument_name": "BTC-31DEC21-90000-C", "index_price": 53826.87, "direction": "buy", "amount": 1.6}, {"trade_seq": 2728, "trade_id": "192155001", "timestamp": 1638123921904, "tick_direction": 1, "price": 0.0045, "mark_price": 0.00471084, "iv": 92.17, "instrument_name": "BTC-31DEC21-90000-C", "index_price": 53826.87, "direction": "sell", "amount": 0.9}, {"trade_seq": 2727, "trade_id": "192154974", "timestamp": 1638123893750, "tick_direction": 1, "price": 0.0045, "mark_price": 0.00474321, "iv": 92.07, "instrument_name": "BTC-31DEC21-90000-C", "index_price": 53866.34, "direction": "sell", "amount": 5.0}, {"trade_seq": 2726, "trade_id": "192153917", "timestamp": 1638123258605, "tick_direction": 1, "price": 0.0045, "mark_price": 0.00470412, "iv": 91.88, "instrument_name": "BTC-31DEC21-90000-C", "index_price": 53925.86, "direction": "sell", "amount": 1.5}, {"trade_seq": 2725, "trade_id": "192153811", "timestamp": 1638123130151, "tick_direction": 1, "price": 0.0045, "mark_price": 0.00467785, "iv": 91.93, "instrument_name": "BTC-31DEC21-90000-C", "index_price": 53913.12, "direction": "sell", "amount": 1.9}, {"trade_seq": 2724, "trade_id": "192153810", "timestamp": 1638123130151, "tick_direction": 1, "price": 0.0045, "mark_price": 0.00467785, "iv": 91.93, "instrument_name": "BTC-31DEC21-90000-C", "index_price": 53913.12, "direction": "sell", "amount": 0.6}, {"trade_seq": 2723, "trade_id": "192153783", "timestamp": 1638123074688, "tick_direction": 0, "price": 0.0045, "mark_price": 0.00466299, "iv": 91.92, "instrument_name": "BTC-31DEC21-90000-C", "index_price": 53916.88, "direction": "sell", "amount": 2.5}, {"trade_seq": 2722, "trade_id": "192153391", "timestamp": 1638122357548, "tick_direction": 3, "price": 0.004, "mark_price": 0.00444927, "iv": 90.06, "instrument_name": "BTC-31DEC21-90000-C", "index_price": 53922.41, "direction": "sell", "amount": 2.5}, {"trade_seq": 2721, "trade_id": "192152783", "timestamp": 1638121604081, "tick_direction": 3, "price": 0.004, "mark_price": 0.00443367, "iv": 90.24, "instrument_name": "BTC-31DEC21-90000-C", "index_price": 53842.14, "direction": "sell", "amount": 2.5}, {"trade_seq": 2720, "trade_id": "192152730", "timestamp": 1638121531301, "tick_direction": 3, "price": 0.004, "mark_price": 0.00446814, "iv": 90.07, "instrument_name": "BTC-31DEC21-90000-C", "index_price": 53897.7, "direction": "sell", "amount": 2.5}, {"trade_seq": 2719, "trade_id": "192152401", "timestamp": 1638121200927, "tick_direction": 3, "price": 0.004, "mark_price": 0.00437636, "iv": 90.14, "instrument_name": "BTC-31DEC21-90000-C", "index_price": 53874.52, "direction": "sell", "amount": 2.5}, {"trade_seq": 2718, "trade_id": "192152398", "timestamp": 1638121195358, "tick_direction": 3, "price": 0.004, "mark_price": 0.00437888, "iv": 90.11, "instrument_name": "BTC-31DEC21-90000-C", "index_price": 53884.42, "direction": "sell", "amount": 2.5}, {"trade_seq": 2717, "trade_id": "192151540", "timestamp": 1638120943092, "tick_direction": 3, "price": 0.004, "mark_price": 0.00436244, "iv": 89.75, "instrument_name": "BTC-31DEC21-90000-C", "index_price": 54021.52, "direction": "sell", "amount": 5.0}, {"trade_seq": 2716, "trade_id": "192151497", "timestamp": 1638120897377, "tick_direction": 3, "price": 0.004, "mark_price": 0.0043708, "iv": 89.65, "instrument_name": "BTC-31DEC21-90000-C", "index_price": 54059.48, "direction": "sell", "amount": 5.0}, {"trade_seq": 2715, "trade_id": "192151320", "timestamp": 1638120802273, "tick_direction": 3, "price": 0.004, "mark_price": 0.00434868, "iv": 89.53, "instrument_name": "BTC-31DEC21-90000-C", "index_price": 54099.11, "direction": "sell", "amount": 1.8}, {"trade_seq": 2714, "trade_id": "192151319", "timestamp": 1638120802273, "tick_direction": 3, "price": 0.004, "mark_price": 0.00434868, "iv": 89.53, "instrument_name": "BTC-31DEC21-90000-C", "index_price": 54099.11, "direction": "sell", "amount": 8.2}, {"trade_seq": 2713, "trade_id": "192150607", "timestamp": 1638120255315, "tick_direction": 3, "price": 0.004, "mark_price": 0.00428352, "iv": 89.31, "instrument_name": "BTC-31DEC21-90000-C", "index_price": 54184.49, "direction": "sell", "amount": 10.0}, {"trade_seq": 2712, "trade_id": "192150606", "timestamp": 1638120248744, "tick_direction": 2, "price": 0.004, "mark_price": 0.00428419, "iv": 89.31, "instrument_name": "BTC-31DEC21-90000-C", "index_price": 54184.77, "direction": "sell", "amount": 10.0}, {"trade_seq": 2711, "trade_id": "192150301", "timestamp": 1638119424266, "tick_direction": 1, "price": 0.0045, "mark_price": 0.00484316, "iv": 90.94, "instrument_name": "BTC-31DEC21-90000-C", "index_price": 54253.36, "direction": "sell", "amount": 20.0}, {"trade_seq": 2710, "trade_id": "192146424", "timestamp": 1638114717543, "tick_direction": 1, "price": 0.0045, "mark_price": 0.00430327, "iv": 90.29, "instrument_name": "BTC-31DEC21-90000-C", "index_price": 54455.37, "direction": "buy", "amount": 6.0}, {"trade_seq": 2709, "trade_id": "192146413", "timestamp": 1638114715958, "tick_direction": 1, "price": 0.0045, "mark_price": 0.0043041, "iv": 90.29, "instrument_name": "BTC-31DEC21-90000-C", "index_price": 54455.12, "direction": "buy", "amount": 20.0}, {"trade_seq": 2708, "trade_id": "192146268", "timestamp": 1638114634183, "tick_direction": 0, "price": 0.0045, "mark_price": 0.00426359, "iv": 90.5, "instrument_name": "BTC-31DEC21-90000-C", "index_price": 54396.4, "direction": "buy", "amount": 10.0}, {"trade_seq": 2707, "trade_id": "192145484", "timestamp": 1638112838970, "tick_direction": 3, "price": 0.004, "mark_price": 0.00423527, "iv": 89.01, "instrument_name": "BTC-31DEC21-90000-C", "index_price": 54249.9, "direction": "sell", "amount": 10.0}, {"trade_seq": 2706, "trade_id": "192145482", "timestamp": 1638112829826, "tick_direction": 3, "price": 0.004, "mark_price": 0.0042376, "iv": 89.0, "instrument_name": "BTC-31DEC21-90000-C", "index_price": 54250.69, "direction": "sell", "amount": 0.9}, {"trade_seq": 2705, "trade_id": "192145481", "timestamp": 1638112829826, "tick_direction": 3, "price": 0.004, "mark_price": 0.0042376, "iv": 89.0, "instrument_name": "BTC-31DEC21-90000-C", "index_price": 54250.69, "direction": "sell", "amount": 9.1}, {"trade_seq": 2704, "trade_id": "192145430", "timestamp": 1638112780245, "tick_direction": 3, "price": 0.004, "mark_price": 0.00426301, "iv": 88.91, "instrument_name": "BTC-31DEC21-90000-C", "index_price": 54279.47, "direction": "sell", "amount": 2.9}, {"trade_seq": 2703, "trade_id": "192145429", "timestamp": 1638112780245, "tick_direction": 3, "price": 0.004, "mark_price": 0.00426301, "iv": 88.91, "instrument_name": "BTC-31DEC21-90000-C", "index_price": 54279.47, "direction": "sell", "amount": 2.1}, {"trade_seq": 2702, "trade_id": "192145428", "timestamp": 1638112780245, "tick_direction": 2, "price": 0.004, "mark_price": 0.00426301, "iv": 88.91, "instrument_name": "BTC-31DEC21-90000-C", "index_price": 54279.47, "direction": "sell", "amount": 5.0}, {"trade_seq": 2701, "trade_id": "192142166", "timestamp": 1638108822625, "tick_direction": 3, "price": 0.0045, "mark_price": 0.0047064, "iv": 90.8, "instrument_name": "BTC-31DEC21-90000-C", "index_price": 54257.93, "direction": "buy", "amount": 6.9}, {"trade_seq": 2700, "trade_id": "192142165", "timestamp": 1638108822622, "tick_direction": 3, "price": 0.0045, "mark_price": 0.0047064, "iv": 90.8, "instrument_name": "BTC-31DEC21-90000-C", "index_price": 54257.93, "direction": "buy", "amount": 3.1}, {"trade_seq": 2699, "trade_id": "192115330", "timestamp": 1638072478782, "tick_direction": 2, "price": 0.0045, "mark_price": 0.00491956, "iv": 90.69, "instrument_name": "BTC-31DEC21-90000-C", "index_price": 54092.87, "direction": "sell", "amount": 2.0}, {"trade_seq": 2698, "trade_id": "192091324", "timestamp": 1638049508988, "tick_direction": 1, "price": 0.006, "mark_price": 0.00576749, "iv": 94.57, "instrument_name": "BTC-31DEC21-90000-C", "index_price": 54345.94, "direction": "buy", "amount": 1.1}, {"trade_seq": 2697, "trade_id": "192057142", "timestamp": 1638014658521, "tick_direction": 0, "price": 0.006, "mark_price": 0.00622716, "iv": 93.26, "instrument_name": "BTC-31DEC21-90000-C", "index_price": 54630.09, "direction": "sell", "amount": 1.0}, {"trade_seq": 2696, "trade_id": "192034538", "timestamp": 1637998961699, "tick_direction": 2, "price": 0.005, "mark_price": 0.00550724, "iv": 90.57, "instrument_name": "BTC-31DEC21-90000-C", "index_price": 54374.92, "direction": "sell", "amount": 0.1}, {"trade_seq": 2695, "trade_id": "192031200", "timestamp": 1637994078253, "tick_direction": 3, "price": 0.006, "mark_price": 0.00596869, "iv": 93.33, "instrument_name": "BTC-31DEC21-90000-C", "index_price": 54460.75, "direction": "sell", "amount": 0.1}, {"trade_seq": 2694, "trade_id": "191977768", "timestamp": 1637951560185, "tick_direction": 3, "price": 0.006, "mark_price": 0.0059038, "iv": 93.69, "instrument_name": "BTC-31DEC21-90000-C", "index_price": 54066.33, "direction": "sell", "amount": 0.2}, {"trade_seq": 2693, "trade_id": "191977268", "timestamp": 1637951293372, "tick_direction": 2, "price": 0.006, "mark_price": 0.0058657, "iv": 93.68, "instrument_name": "BTC-31DEC21-90000-C", "index_price": 54065.07, "direction": "sell", "amount": 0.2}, {"trade_seq": 2692, "trade_id": "191966801", "timestamp": 1637946128958, "tick_direction": 0, "price": 0.0065, "mark_price": 0.00598393, "iv": 94.2, "instrument_name": "BTC-31DEC21-90000-C", "index_price": 54386.13, "direction": "buy", "amount": 2.0}, {"trade_seq": 2691, "trade_id": "191948718", "timestamp": 1637940154637, "tick_direction": 2, "price": 0.006, "mark_price": 0.00627843, "iv": 92.53, "instrument_name": "BTC-31DEC21-90000-C", "index_price": 54416.51, "direction": "sell", "amount": 0.1}, {"trade_seq": 2690, "trade_id": "191926909", "timestamp": 1637935237993, "tick_direction": 3, "price": 0.0065, "mark_price": 0.00654308, "iv": 93.53, "instrument_name": "BTC-31DEC21-90000-C", "index_price": 54550.65, "direction": "buy", "amount": 2.0}, {"trade_seq": 2689, "trade_id": "191924073", "timestamp": 1637934583799, "tick_direction": 3, "price": 0.0065, "mark_price": 0.00676429, "iv": 94.15, "instrument_name": "BTC-31DEC21-90000-C", "index_price": 54340.78, "direction": "buy", "amount": 0.2}, {"trade_seq": 2688, "trade_id": "191922402", "timestamp": 1637934147359, "tick_direction": 2, "price": 0.0065, "mark_price": 0.00687197, "iv": 94.24, "instrument_name": "BTC-31DEC21-90000-C", "index_price": 54311.15, "direction": "sell", "amount": 0.2}, {"trade_seq": 2687, "trade_id": "191911757", "timestamp": 1637930518819, "tick_direction": 1, "price": 0.008, "mark_price": 0.00656703, "iv": 98.87, "instrument_name": "BTC-31DEC21-90000-C", "index_price": 54028.25, "direction": "buy", "amount": 8.6}, {"trade_seq": 2686, "trade_id": "191911756", "timestamp": 1637930518819, "tick_direction": 1, "price": 0.008, "mark_price": 0.00656703, "iv": 98.87, "instrument_name": "BTC-31DEC21-90000-C", "index_price": 54028.25, "direction": "buy", "amount": 16.0}, {"trade_seq": 2685, "trade_id": "191911755", "timestamp": 1637930518819, "tick_direction": 0, "price": 0.008, "mark_price": 0.00656703, "iv": 98.87, "instrument_name": "BTC-31DEC21-90000-C", "index_price": 54028.25, "direction": "buy", "amount": 16.0}, {"trade_seq": 2684, "trade_id": "191911680", "timestamp": 1637930503909, "tick_direction": 1, "price": 0.0075, "mark_price": 0.00654134, "iv": 97.53, "instrument_name": "BTC-31DEC21-90000-C", "index_price": 54052.67, "direction": "sell", "amount": 2.1}, {"trade_seq": 2683, "trade_id": "191911666", "timestamp": 1637930491164, "tick_direction": 1, "price": 0.0075, "mark_price": 0.00650753, "iv": 97.51, "instrument_name": "BTC-31DEC21-90000-C", "index_price": 54061.06, "direction": "buy", "amount": 3.0}, {"trade_seq": 2682, "trade_id": "191911665", "timestamp": 1637930491164, "tick_direction": 1, "price": 0.0075, "mark_price": 0.00650753, "iv": 97.51, "instrument_name": "BTC-31DEC21-90000-C", "index_price": 54061.06, "direction": "buy", "amount": 1.9}, {"trade_seq": 2681, "trade_id": "191911664", "timestamp": 1637930491164, "tick_direction": 1, "price": 0.0075, "mark_price": 0.00650753, "iv": 97.51, "instrument_name": "BTC-31DEC21-90000-C", "index_price": 54061.06, "direction": "buy", "amount": 8.6}, {"trade_seq": 2680, "trade_id": "191911663", "timestamp": 1637930491164, "tick_direction": 1, "price": 0.0075, "mark_price": 0.00650753, "iv": 97.51, "instrument_name": "BTC-31DEC21-90000-C", "index_price": 54061.06, "direction": "buy", "amount": 30.0}, {"trade_seq": 2679, "trade_id": "191911662", "timestamp": 1637930491164, "tick_direction": 1, "price": 0.0075, "mark_price": 0.00650753, "iv": 97.51, "instrument_name": "BTC-31DEC21-90000-C", "index_price": 54061.06, "direction": "buy", "amount": 2.4}, {"trade_seq": 2678, "trade_id": "191910495", "timestamp": 1637930232599, "tick_direction": 1, "price": 0.0075, "mark_price": 0.00619183, "iv": 96.75, "instrument_name": "BTC-31DEC21-90000-C", "index_price": 54336.4, "direction": "buy", "amount": 8.9}, {"trade_seq": 2677, "trade_id": "191910494", "timestamp": 1637930232599, "tick_direction": 1, "price": 0.0075, "mark_price": 0.00619183, "iv": 96.75, "instrument_name": "BTC-31DEC21-90000-C", "index_price": 54336.4, "direction": "buy", "amount": 31.0}, {"trade_seq": 2676, "trade_id": "191910493", "timestamp": 1637930232599, "tick_direction": 0, "price": 0.0075, "mark_price": 0.00619183, "iv": 96.75, "instrument_name": "BTC-31DEC21-90000-C", "index_price": 54336.4, "direction": "buy", "amount": 9.0}, {"trade_seq": 2675, "trade_id": "191863942", "timestamp": 1637924412188, "tick_direction": 3, "price": 0.006, "mark_price": 0.00666002, "iv": 91.9, "instrument_name": "BTC-31DEC21-90000-C", "index_price": 54409.32, "direction": "sell", "amount": 0.2}, {"trade_seq": 2674, "trade_id": "191863941", "timestamp": 1637924412188, "tick_direction": 2, "price": 0.006, "mark_price": 0.00666002, "iv": 91.9, "instrument_name": "BTC-31DEC21-90000-C", "index_price": 54409.32, "direction": "sell", "amount": 1.0}, {"trade_seq": 2673, "trade_id": "191863878", "timestamp": 1637924386861, "tick_direction": 3, "price": 0.0065, "mark_price": 0.00668136, "iv": 93.3, "instrument_name": "BTC-31DEC21-90000-C", "index_price": 54412.77, "direction": "sell", "amount": 0.8}, {"trade_seq": 2672, "trade_id": "191855633", "timestamp": 1637922882155, "tick_direction": 2, "price": 0.0065, "mark_price": 0.00671777, "iv": 93.1, "instrument_name": "BTC-31DEC21-90000-C", "index_price": 54529.08, "direction": "sell", "amount": 0.2}, {"trade_seq": 2671, "trade_id": "191852977", "timestamp": 1637922309990, "tick_direction": 1, "price": 0.007, "mark_price": 0.00691348, "iv": 94.05, "instrument_name": "BTC-31DEC21-90000-C", "index_price": 54725.12, "direction": "sell", "amount": 1.0}, {"trade_seq": 2670, "trade_id": "191851571", "timestamp": 1637921966862, "tick_direction": 0, "price": 0.007, "mark_price": 0.0069641, "iv": 93.83, "instrument_name": "BTC-31DEC21-90000-C", "index_price": 54812.72, "direction": "buy", "amount": 16.2}, {"trade_seq": 2669, "trade_id": "191802261", "timestamp": 1637916422204, "tick_direction": 2, "price": 0.006, "mark_price": 0.00668888, "iv": 90.36, "instrument_name": "BTC-31DEC21-90000-C", "index_price": 55094.11, "direction": "sell", "amount": 0.4}, {"trade_seq": 2668, "trade_id": "191776795", "timestamp": 1637914953521, "tick_direction": 2, "price": 0.007, "mark_price": 0.00708181, "iv": 90.36, "instrument_name": "BTC-31DEC21-90000-C", "index_price": 56062.1, "direction": "sell", "amount": 0.5}, {"trade_seq": 2667, "trade_id": "191754241", "timestamp": 1637912900413, "tick_direction": 2, "price": 0.008, "mark_price": 0.00806082, "iv": 90.24, "instrument_name": "BTC-31DEC21-90000-C", "index_price": 56935.99, "direction": "sell", "amount": 0.1}, {"trade_seq": 2666, "trade_id": "191707213", "timestamp": 1637891109921, "tick_direction": 2, "price": 0.0085, "mark_price": 0.00933513, "iv": 86.3, "instrument_name": "BTC-31DEC21-90000-C", "index_price": 58703.26, "direction": "sell", "amount": 0.1}, {"trade_seq": 2665, "trade_id": "191701086", "timestamp": 1637886398379, "tick_direction": 2, "price": 0.0095, "mark_price": 0.00941255, "iv": 88.14, "instrument_name": "BTC-31DEC21-90000-C", "index_price": 58785.79, "direction": "sell", "amount": 9.7}, {"trade_seq": 2664, "trade_id": "191677361", "timestamp": 1637869539487, "tick_direction": 0, "price": 0.0105, "mark_price": 0.01016542, "iv": 89.65, "instrument_name": "BTC-31DEC21-90000-C", "index_price": 58884.94, "direction": "buy", "amount": 0.1}, {"trade_seq": 2663, "trade_id": "191667062", "timestamp": 1637861525897, "tick_direction": 1, "price": 0.01, "mark_price": 0.01019344, "iv": 87.99, "instrument_name": "BTC-31DEC21-90000-C", "index_price": 59113.4, "direction": "sell", "amount": 10.0}, {"trade_seq": 2662, "trade_id": "191666368", "timestamp": 1637860991105, "tick_direction": 1, "price": 0.01, "mark_price": 0.01001643, "iv": 88.1, "instrument_name": "BTC-31DEC21-90000-C", "index_price": 59087.71, "direction": "sell", "amount": 9.5}, {"trade_seq": 2661, "trade_id": "191666231", "timestamp": 1637860804373, "tick_direction": 1, "price": 0.01, "mark_price": 0.00986704, "iv": 87.93, "instrument_name": "BTC-31DEC21-90000-C", "index_price": 59133.5, "direction": "buy", "amount": 0.5}, {"trade_seq": 2660, "trade_id": "191646182", "timestamp": 1637853987317, "tick_direction": 1, "price": 0.01, "mark_price": 0.01019416, "iv": 88.86, "instrument_name": "BTC-31DEC21-90000-C", "index_price": 58767.84, "direction": "buy", "amount": 2.9}, {"trade_seq": 2659, "trade_id": "191639850", "timestamp": 1637851725612, "tick_direction": 1, "price": 0.01, "mark_price": 0.00972229, "iv": 89.17, "instrument_name": "BTC-31DEC21-90000-C", "index_price": 58617.96, "direction": "buy", "amount": 0.5}, {"trade_seq": 2658, "trade_id": "191639849", "timestamp": 1637851725612, "tick_direction": 0, "price": 0.01, "mark_price": 0.00972229, "iv": 89.17, "instrument_name": "BTC-31DEC21-90000-C", "index_price": 58617.96, "direction": "buy", "amount": 0.5}, {"trade_seq": 2657, "trade_id": "191608361", "timestamp": 1637838017333, "tick_direction": 2, "price": 0.0091, "mark_price": 0.00953216, "iv": 88.41, "instrument_name": "BTC-31DEC21-90000-C", "index_price": 58070.49, "direction": "sell", "block_trade_id": "25978", "amount": 30.0}, {"trade_seq": 2656, "trade_id": "191596054", "timestamp": 1637835114902, "tick_direction": 3, "price": 0.0095, "mark_price": 0.00968976, "iv": 88.63, "instrument_name": "BTC-31DEC21-90000-C", "index_price": 58316.34, "direction": "buy", "amount": 1.0}, {"trade_seq": 2655, "trade_id": "191595657", "timestamp": 1637835082025, "tick_direction": 3, "price": 0.0095, "mark_price": 0.00954866, "iv": 88.99, "instrument_name": "BTC-31DEC21-90000-C", "index_price": 58191.69, "direction": "buy", "amount": 1.2}, {"trade_seq": 2654, "trade_id": "191595631", "timestamp": 1637835081625, "tick_direction": 3, "price": 0.0095, "mark_price": 0.00954866, "iv": 89.02, "instrument_name": "BTC-31DEC21-90000-C", "index_price": 58179.98, "direction": "buy", "amount": 1.6}, {"trade_seq": 2653, "trade_id": "191595601", "timestamp": 1637835080419, "tick_direction": 3, "price": 0.0095, "mark_price": 0.00954797, "iv": 89.02, "instrument_name": "BTC-31DEC21-90000-C", "index_price": 58179.26, "direction": "buy", "amount": 1.2}, {"trade_seq": 2652, "trade_id": "191575548", "timestamp": 1637826735144, "tick_direction": 2, "price": 0.0095, "mark_price": 0.00976607, "iv": 90.28, "instrument_name": "BTC-31DEC21-90000-C", "index_price": 57652.34, "direction": "sell", "amount": 5.0}, {"trade_seq": 2651, "trade_id": "191543406", "timestamp": 1637804753236, "tick_direction": 1, "price": 0.01, "mark_price": 0.01014672, "iv": 90.37, "instrument_name": "BTC-31DEC21-90000-C", "index_price": 57843.56, "direction": "sell", "amount": 5.0}, {"trade_seq": 2650, "trade_id": "191537700", "timestamp": 1637801972753, "tick_direction": 1, "price": 0.01, "mark_price": 0.00998377, "iv": 89.89, "instrument_name": "BTC-31DEC21-90000-C", "index_price": 58027.7, "direction": "sell", "amount": 0.2}, {"trade_seq": 2649, "trade_id": "191534832", "timestamp": 1637801251894, "tick_direction": 0, "price": 0.01, "mark_price": 0.01009866, "iv": 89.39, "instrument_name": "BTC-31DEC21-90000-C", "index_price": 58206.54, "direction": "buy", "amount": 2.0}, {"trade_seq": 2648, "trade_id": "191527555", "timestamp": 1637799444702, "tick_direction": 3, "price": 0.009, "mark_price": 0.00961535, "iv": 89.76, "instrument_name": "BTC-31DEC21-90000-C", "index_price": 57289.24, "direction": "sell", "amount": 0.7}, {"trade_seq": 2647, "trade_id": "191527554", "timestamp": 1637799444702, "tick_direction": 2, "price": 0.009, "mark_price": 0.00961535, "iv": 89.76, "instrument_name": "BTC-31DEC21-90000-C", "index_price": 57289.24, "direction": "sell", "amount": 2.3}, {"trade_seq": 2646, "trade_id": "191518645", "timestamp": 1637792183508, "tick_direction": 0, "price": 0.0105, "mark_price": 0.01008687, "iv": 92.88, "instrument_name": "BTC-31DEC21-90000-C", "index_price": 57243.56, "direction": "buy", "amount": 1.3}, {"trade_seq": 2645, "trade_id": "191517869", "timestamp": 1637791704809, "tick_direction": 1, "price": 0.01, "mark_price": 0.00992522, "iv": 91.48, "instrument_name": "BTC-31DEC21-90000-C", "index_price": 57366.37, "direction": "sell", "amount": 1.4}, {"trade_seq": 2644, "trade_id": "191517604", "timestamp": 1637791576227, "tick_direction": 0, "price": 0.01, "mark_price": 0.00975078, "iv": 91.41, "instrument_name": "BTC-31DEC21-90000-C", "index_price": 57413.82, "direction": "buy", "amount": 0.5}, {"trade_seq": 2643, "trade_id": "191498764", "timestamp": 1637780618800, "tick_direction": 3, "price": 0.0095, "mark_price": 0.00925919, "iv": 91.83, "instrument_name": "BTC-31DEC21-90000-C", "index_price": 56875.84, "direction": "buy", "amount": 0.4}, {"trade_seq": 2642, "trade_id": "191498763", "timestamp": 1637780618800, "tick_direction": 2, "price": 0.0095, "mark_price": 0.00925919, "iv": 91.83, "instrument_name": "BTC-31DEC21-90000-C", "index_price": 56875.84, "direction": "buy", "amount": 5.0}, {"trade_seq": 2641, "trade_id": "191496361", "timestamp": 1637778738241, "tick_direction": 0, "price": 0.01, "mark_price": 0.00945162, "iv": 92.55, "instrument_name": "BTC-31DEC21-90000-C", "index_price": 56946.22, "direction": "buy", "amount": 0.1}, {"trade_seq": 2640, "trade_id": "191446893", "timestamp": 1637760892340, "tick_direction": 3, "price": 0.0095, "mark_price": 0.00998973, "iv": 92.1, "instrument_name": "BTC-31DEC21-90000-C", "index_price": 56650.13, "direction": "sell", "amount": 0.4}, {"trade_seq": 2639, "trade_id": "191446892", "timestamp": 1637760892340, "tick_direction": 3, "price": 0.0095, "mark_price": 0.00998973, "iv": 92.1, "instrument_name": "BTC-31DEC21-90000-C", "index_price": 56650.13, "direction": "sell", "amount": 10.0}, {"trade_seq": 2638, "trade_id": "191446891", "timestamp": 1637760892340, "tick_direction": 3, "price": 0.0095, "mark_price": 0.00998973, "iv": 92.1, "instrument_name": "BTC-31DEC21-90000-C", "index_price": 56650.13, "direction": "sell", "amount": 7.4}, {"trade_seq": 2637, "trade_id": "191446890", "timestamp": 1637760892340, "tick_direction": 2, "price": 0.0095, "mark_price": 0.00998973, "iv": 92.1, "instrument_name": "BTC-31DEC21-90000-C", "index_price": 56650.13, "direction": "sell", "amount": 2.2}, {"trade_seq": 2636, "trade_id": "191429619", "timestamp": 1637748904913, "tick_direction": 2, "price": 0.0105, "mark_price": 0.01068786, "iv": 93.6, "instrument_name": "BTC-31DEC21-90000-C", "index_price": 56747.93, "direction": "sell", "amount": 0.1}, {"trade_seq": 2635, "trade_id": "191427295", "timestamp": 1637747036245, "tick_direction": 0, "price": 0.011, "mark_price": 0.01042833, "iv": 94.3, "instrument_name": "BTC-31DEC21-90000-C", "index_price": 56857.78, "direction": "buy", "amount": 2.0}, {"trade_seq": 2634, "trade_id": "191422485", "timestamp": 1637744316476, "tick_direction": 1, "price": 0.0105, "mark_price": 0.01051295, "iv": 92.8, "instrument_name": "BTC-31DEC21-90000-C", "index_price": 57046.66, "direction": "buy", "amount": 11.0}, {"trade_seq": 2633, "trade_id": "191422407", "timestamp": 1637744303710, "tick_direction": 0, "price": 0.0105, "mark_price": 0.01049826, "iv": 92.89, "instrument_name": "BTC-31DEC21-90000-C", "index_price": 57023.69, "direction": "buy", "amount": 4.0}, {"trade_seq": 2632, "trade_id": "191421310", "timestamp": 1637744072344, "tick_direction": 1, "price": 0.01, "mark_price": 0.01000196, "iv": 92.77, "instrument_name": "BTC-31DEC21-90000-C", "index_price": 56698.57, "direction": "sell", "amount": 0.5}