{"trades": [{"trade_seq": 4961, "trade_id": "249091933", "timestamp": 1680224520173, "tick_direction": 2, "price": 0.079, "mark_price": 0.07908271, "iv": 0.0, "instrument_name": "BTC-31MAR23-26000-C", "index_price": 28232.51, "direction": "sell", "amount": 0.4}, {"trade_seq": 4960, "trade_id": "249091886", "timestamp": 1680224506674, "tick_direction": 1, "price": 0.0795, "mark_price": 0.07962564, "iv": 0.0, "instrument_name": "BTC-31MAR23-26000-C", "index_price": 28245.55, "direction": "sell", "amount": 0.6}, {"trade_seq": 4959, "trade_id": "249091885", "timestamp": 1680224506662, "tick_direction": 1, "price": 0.0795, "mark_price": 0.07962564, "iv": 0.0, "instrument_name": "BTC-31MAR23-26000-C", "index_price": 28245.55, "direction": "sell", "amount": 0.1}, {"trade_seq": 4958, "trade_id": "249091883", "timestamp": 1680224506656, "tick_direction": 0, "price": 0.0795, "mark_price": 0.07962564, "iv": 0.0, "instrument_name": "BTC-31MAR23-26000-C", "index_price": 28245.55, "direction": "sell", "amount": 0.9}, {"trade_seq": 4957, "trade_id": "249040246", "timestamp": 1680200080952, "tick_direction": 1, "price": 0.0645, "mark_price": 0.06424542, "iv": 104.78, "instrument_name": "BTC-31MAR23-26000-C", "index_price": 27784.68, "direction": "sell", "amount": 0.1}, {"trade_seq": 4956, "trade_id": "249040245", "timestamp": 1680200080633, "tick_direction": 0, "price": 0.0645, "mark_price": 0.06424542, "iv": 104.78, "instrument_name": "BTC-31MAR23-26000-C", "index_price": 27782.9, "direction": "sell", "amount": 0.9}, {"trade_seq": 4955, "trade_id": "249039430", "timestamp": 1680199862435, "tick_direction": 3, "price": 0.0625, "mark_price": 0.06281628, "iv": 89.6, "instrument_name": "BTC-31MAR23-26000-C", "index_price": 27748.51, "direction": "buy", "amount": 2.5}, {"trade_seq": 4954, "trade_id": "249039429", "timestamp": 1680199862433, "tick_direction": 3, "price": 0.0625, "mark_price": 0.06281628, "iv": 89.6, "instrument_name": "BTC-31MAR23-26000-C", "index_price": 27748.51, "direction": "buy", "amount": 2.3}, {"trade_seq": 4953, "trade_id": "249039428", "timestamp": 1680199862432, "tick_direction": 2, "price": 0.0625, "mark_price": 0.06281628, "iv": 89.6, "instrument_name": "BTC-31MAR23-26000-C", "index_price": 27748.51, "direction": "buy", "amount": 7.7}, {"trade_seq": 4952, "trade_id": "248985590", "timestamp": 1680186331445, "tick_direction": 2, "price": 0.0835, "mark_price": 0.08324078, "iv": 103.02, "instrument_name": "BTC-31MAR23-26000-C", "index_price": 28398.02, "direction": "buy", "amount": 13.0}, {"trade_seq": 4951, "trade_id": "248985554", "timestamp": 1680186309348, "tick_direction": 3, "price": 0.084, "mark_price": 0.08386946, "iv": 99.86, "instrument_name": "BTC-31MAR23-26000-C", "index_price": 28412.48, "direction": "buy", "amount": 1.0}, {"trade_seq": 4950, "trade_id": "248985530", "timestamp": 1680186292286, "tick_direction": 2, "price": 0.084, "mark_price": 0.08381336, "iv": 101.01, "instrument_name": "BTC-31MAR23-26000-C", "index_price": 28406.45, "direction": "buy", "amount": 1.0}, {"trade_seq": 4949, "trade_id": "248968084", "timestamp": 1680180026354, "tick_direction": 0, "price": 0.0915, "mark_price": 0.09220308, "iv": 0.0, "instrument_name": "BTC-31MAR23-26000-C", "index_price": 28653.22, "direction": "buy", "amount": 0.6}, {"trade_seq": 4948, "trade_id": "248793747", "timestamp": 1680106694707, "tick_direction": 2, "price": 0.078, "mark_price": 0.08469525, "iv": 0.0, "instrument_name": "BTC-31MAR23-26000-C", "index_price": 28343.31, "direction": "sell", "amount": 0.1}, {"trade_seq": 4947, "trade_id": "248789465", "timestamp": 1680103997238, "tick_direction": 1, "price": 0.088, "mark_price": 0.08775492, "iv": 84.69, "instrument_name": "BTC-31MAR23-26000-C", "index_price": 28475.51, "direction": "buy", "amount": 7.4}, {"trade_seq": 4946, "trade_id": "248789464", "timestamp": 1680103997230, "tick_direction": 1, "price": 0.088, "mark_price": 0.08775492, "iv": 84.69, "instrument_name": "BTC-31MAR23-26000-C", "index_price": 28475.51, "direction": "buy", "amount": 1.0}, {"trade_seq": 4945, "trade_id": "248789463", "timestamp": 1680103997225, "tick_direction": 1, "price": 0.088, "mark_price": 0.08775492, "iv": 84.69, "instrument_name": "BTC-31MAR23-26000-C", "index_price": 28475.51, "direction": "buy", "amount": 0.2}, {"trade_seq": 4944, "trade_id": "248789462", "timestamp": 1680103997183, "tick_direction": 0, "price": 0.088, "mark_price": 0.08775492, "iv": 84.69, "instrument_name": "BTC-31MAR23-26000-C", "index_price": 28475.51, "direction": "buy", "amount": 1.4}, {"trade_seq": 4943, "trade_id": "248788028", "timestamp": 1680103242269, "tick_direction": 2, "price": 0.0845, "mark_price": 0.08475736, "iv": 75.98, "instrument_name": "BTC-31MAR23-26000-C", "index_price": 28363.78, "direction": "buy", "amount": 10.0}, {"trade_seq": 4942, "trade_id": "248781007", "timestamp": 1680100235210, "tick_direction": 2, "price": 0.085, "mark_price": 0.08595488, "iv": 71.19, "instrument_name": "BTC-31MAR23-26000-C", "index_price": 28372.94, "direction": "buy", "amount": 3.5}, {"trade_seq": 4941, "trade_id": "248778030", "timestamp": 1680099542315, "tick_direction": 0, "price": 0.0915, "mark_price": 0.0917953, "iv": 77.58, "instrument_name": "BTC-31MAR23-26000-C", "index_price": 28557.36, "direction": "buy", "amount": 0.2}, {"trade_seq": 4940, "trade_id": "248777191", "timestamp": 1680099438715, "tick_direction": 3, "price": 0.09, "mark_price": 0.0897353, "iv": 85.51, "instrument_name": "BTC-31MAR23-26000-C", "index_price": 28494.56, "direction": "buy", "amount": 2.7}, {"trade_seq": 4939, "trade_id": "248777184", "timestamp": 1680099438642, "tick_direction": 3, "price": 0.09, "mark_price": 0.0897353, "iv": 85.51, "instrument_name": "BTC-31MAR23-26000-C", "index_price": 28494.56, "direction": "buy", "amount": 1.2}, {"trade_seq": 4938, "trade_id": "248777172", "timestamp": 1680099438212, "tick_direction": 3, "price": 0.09, "mark_price": 0.0897353, "iv": 85.51, "instrument_name": "BTC-31MAR23-26000-C", "index_price": 28494.56, "direction": "buy", "amount": 0.3}, {"trade_seq": 4937, "trade_id": "248777171", "timestamp": 1680099438206, "tick_direction": 3, "price": 0.09, "mark_price": 0.0897353, "iv": 85.51, "instrument_name": "BTC-31MAR23-26000-C", "index_price": 28494.56, "direction": "buy", "amount": 0.1}, {"trade_seq": 4936, "trade_id": "248777170", "timestamp": 1680099438201, "tick_direction": 3, "price": 0.09, "mark_price": 0.0897353, "iv": 85.51, "instrument_name": "BTC-31MAR23-26000-C", "index_price": 28494.56, "direction": "buy", "amount": 0.7}, {"trade_seq": 4935, "trade_id": "248777169", "timestamp": 1680099438201, "tick_direction": 2, "price": 0.09, "mark_price": 0.0897353, "iv": 85.51, "instrument_name": "BTC-31MAR23-26000-C", "index_price": 28494.56, "direction": "buy", "amount": 0.5}, {"trade_seq": 4934, "trade_id": "248737761", "timestamp": 1680079040878, "tick_direction": 0, "price": 0.093, "mark_price": 0.09254335, "iv": 88.44, "instrument_name": "BTC-31MAR23-26000-C", "index_price": 28594.47, "direction": "buy", "amount": 1.0}, {"trade_seq": 4933, "trade_id": "248732615", "timestamp": 1680078333259, "tick_direction": 0, "price": 0.09, "mark_price": 0.08925765, "iv": 88.43, "instrument_name": "BTC-31MAR23-26000-C", "index_price": 28484.28, "direction": "buy", "amount": 0.1}, {"trade_seq": 4932, "trade_id": "248723841", "timestamp": 1680077512130, "tick_direction": 1, "price": 0.083, "mark_price": 0.08065098, "iv": 87.83, "instrument_name": "BTC-31MAR23-26000-C", "index_price": 28234.6, "direction": "buy", "amount": 1.4}, {"trade_seq": 4931, "trade_id": "248723789", "timestamp": 1680077511996, "tick_direction": 0, "price": 0.083, "mark_price": 0.08065098, "iv": 103.52, "instrument_name": "BTC-31MAR23-26000-C", "index_price": 28198.63, "direction": "buy", "amount": 4.3}, {"trade_seq": 4930, "trade_id": "248699230", "timestamp": 1680071305067, "tick_direction": 0, "price": 0.07, "mark_price": 0.06846583, "iv": 74.41, "instrument_name": "BTC-31MAR23-26000-C", "index_price": 27865.82, "direction": "buy", "amount": 0.1}, {"trade_seq": 4929, "trade_id": "248698858", "timestamp": 1680071282463, "tick_direction": 0, "price": 0.069, "mark_price": 0.06835607, "iv": 72.42, "instrument_name": "BTC-31MAR23-26000-C", "index_price": 27835.08, "direction": "buy", "amount": 1.0}, {"trade_seq": 4928, "trade_id": "248684687", "timestamp": 1680064362646, "tick_direction": 0, "price": 0.06, "mark_price": 0.05752722, "iv": 74.03, "instrument_name": "BTC-31MAR23-26000-C", "index_price": 27563.34, "direction": "buy", "amount": 0.1}, {"trade_seq": 4927, "trade_id": "248604373", "timestamp": 1680008890629, "tick_direction": 2, "price": 0.044, "mark_price": 0.04392671, "iv": 61.44, "instrument_name": "BTC-31MAR23-26000-C", "index_price": 26982.23, "direction": "buy", "amount": 0.1}, {"trade_seq": 4926, "trade_id": "248596930", "timestamp": 1680004984225, "tick_direction": 0, "price": 0.05, "mark_price": 0.0491436, "iv": 64.3, "instrument_name": "BTC-31MAR23-26000-C", "index_price": 27187.53, "direction": "buy", "amount": 0.1}, {"trade_seq": 4925, "trade_id": "248586642", "timestamp": 1680000871287, "tick_direction": 2, "price": 0.035, "mark_price": 0.03492892, "iv": 59.27, "instrument_name": "BTC-31MAR23-26000-C", "index_price": 26658.12, "direction": "sell", "amount": 0.1}, {"trade_seq": 4924, "trade_id": "248577582", "timestamp": 1679996824841, "tick_direction": 2, "price": 0.0405, "mark_price": 0.04148131, "iv": 56.68, "instrument_name": "BTC-31MAR23-26000-C", "index_price": 26871.88, "direction": "sell", "amount": 2.0}, {"trade_seq": 4923, "trade_id": "248574630", "timestamp": 1679993494778, "tick_direction": 3, "price": 0.0455, "mark_price": 0.04536473, "iv": 60.99, "instrument_name": "BTC-31MAR23-26000-C", "index_price": 27026.16, "direction": "buy", "amount": 2.0}, {"trade_seq": 4922, "trade_id": "248551205", "timestamp": 1679973620620, "tick_direction": 2, "price": 0.0455, "mark_price": 0.04589503, "iv": 61.44, "instrument_name": "BTC-31MAR23-26000-C", "index_price": 26991.78, "direction": "buy", "amount": 1.0}, {"trade_seq": 4921, "trade_id": "248551202", "timestamp": 1679973592222, "tick_direction": 3, "price": 0.046, "mark_price": 0.04584265, "iv": 63.27, "instrument_name": "BTC-31MAR23-26000-C", "index_price": 26989.53, "direction": "sell", "amount": 0.1}, {"trade_seq": 4920, "trade_id": "248551201", "timestamp": 1679973592220, "tick_direction": 2, "price": 0.046, "mark_price": 0.04584265, "iv": 63.27, "instrument_name": "BTC-31MAR23-26000-C", "index_price": 26989.53, "direction": "sell", "amount": 0.9}, {"trade_seq": 4919, "trade_id": "248532432", "timestamp": 1679956136020, "tick_direction": 0, "price": 0.05, "mark_price": 0.05077241, "iv": 61.29, "instrument_name": "BTC-31MAR23-26000-C", "index_price": 27157.41, "direction": "buy", "amount": 0.5}, {"trade_seq": 4918, "trade_id": "248515242", "timestamp": 1679943860520, "tick_direction": 2, "price": 0.0495, "mark_price": 0.04955918, "iv": 63.37, "instrument_name": "BTC-31MAR23-26000-C", "index_price": 27089.39, "direction": "sell", "amount": 0.1}, {"trade_seq": 4917, "trade_id": "248514634", "timestamp": 1679943286369, "tick_direction": 1, "price": 0.05, "mark_price": 0.04987292, "iv": 64.14, "instrument_name": "BTC-31MAR23-26000-C", "index_price": 27112.22, "direction": "sell", "amount": 0.1}, {"trade_seq": 4916, "trade_id": "248481705", "timestamp": 1679933078182, "tick_direction": 0, "price": 0.05, "mark_price": 0.04953214, "iv": 69.52, "instrument_name": "BTC-31MAR23-26000-C", "index_price": 27024.79, "direction": "buy", "amount": 0.1}, {"trade_seq": 4915, "trade_id": "248475555", "timestamp": 1679931526882, "tick_direction": 2, "price": 0.0455, "mark_price": 0.04534806, "iv": 67.99, "instrument_name": "BTC-31MAR23-26000-C", "index_price": 26861.97, "direction": "sell", "amount": 0.5}, {"trade_seq": 4914, "trade_id": "248470635", "timestamp": 1679930751582, "tick_direction": 0, "price": 0.047, "mark_price": 0.04496091, "iv": 72.93, "instrument_name": "BTC-31MAR23-26000-C", "index_price": 26859.02, "direction": "buy", "amount": 0.1}, {"trade_seq": 4913, "trade_id": "248462093", "timestamp": 1679929928231, "tick_direction": 2, "price": 0.038, "mark_price": 0.03767605, "iv": 66.07, "instrument_name": "BTC-31MAR23-26000-C", "index_price": 26572.12, "direction": "sell", "amount": 0.5}, {"trade_seq": 4912, "trade_id": "248445193", "timestamp": 1679929152208, "tick_direction": 3, "price": 0.05, "mark_price": 0.04972949, "iv": 65.77, "instrument_name": "BTC-31MAR23-26000-C", "index_price": 27067.51, "direction": "sell", "amount": 0.4}, {"trade_seq": 4911, "trade_id": "248445082", "timestamp": 1679929148022, "tick_direction": 3, "price": 0.05, "mark_price": 0.04969122, "iv": 65.52, "instrument_name": "BTC-31MAR23-26000-C", "index_price": 27068.18, "direction": "sell", "amount": 0.1}, {"trade_seq": 4910, "trade_id": "248445066", "timestamp": 1679929147982, "tick_direction": 2, "price": 0.05, "mark_price": 0.04969122, "iv": 65.52, "instrument_name": "BTC-31MAR23-26000-C", "index_price": 27068.18, "direction": "sell", "amount": 0.5}, {"trade_seq": 4909, "trade_id": "248413602", "timestamp": 1679921423563, "tick_direction": 2, "price": 0.0688, "mark_price": 0.0685742, "iv": 66.35, "instrument_name": "BTC-31MAR23-26000-C", "index_price": 27740.77, "direction": "sell", "combo_id": "BTC-CBUT-31MAR23-26000_27500_29000", "block_trade_id": "70103", "amount": 10.0}, {"trade_seq": 4908, "trade_id": "248248607", "timestamp": 1679831908384, "tick_direction": 0, "price": 0.0735, "mark_price": 0.07141986, "iv": 65.18, "instrument_name": "BTC-31MAR23-26000-C", "index_price": 27830.22, "direction": "buy", "amount": 1.0}, {"trade_seq": 4907, "trade_id": "248171913", "timestamp": 1679759237345, "tick_direction": 1, "price": 0.0715, "mark_price": 0.07155098, "iv": 59.63, "instrument_name": "BTC-31MAR23-26000-C", "index_price": 27770.98, "direction": "buy", "amount": 6.1}, {"trade_seq": 4906, "trade_id": "248171884", "timestamp": 1679759236853, "tick_direction": 1, "price": 0.0715, "mark_price": 0.07155098, "iv": 60.79, "instrument_name": "BTC-31MAR23-26000-C", "index_price": 27759.99, "direction": "buy", "amount": 1.0}, {"trade_seq": 4905, "trade_id": "248171862", "timestamp": 1679759236069, "tick_direction": 1, "price": 0.0715, "mark_price": 0.071448, "iv": 61.08, "instrument_name": "BTC-31MAR23-26000-C", "index_price": 27745.92, "direction": "buy", "amount": 0.6}, {"trade_seq": 4904, "trade_id": "248171861", "timestamp": 1679759236066, "tick_direction": 1, "price": 0.0715, "mark_price": 0.071448, "iv": 61.08, "instrument_name": "BTC-31MAR23-26000-C", "index_price": 27745.92, "direction": "buy", "amount": 0.8}, {"trade_seq": 4903, "trade_id": "248171856", "timestamp": 1679759235972, "tick_direction": 1, "price": 0.0715, "mark_price": 0.071448, "iv": 61.08, "instrument_name": "BTC-31MAR23-26000-C", "index_price": 27745.92, "direction": "buy", "amount": 1.2}, {"trade_seq": 4902, "trade_id": "248171853", "timestamp": 1679759235912, "tick_direction": 1, "price": 0.0715, "mark_price": 0.071448, "iv": 61.08, "instrument_name": "BTC-31MAR23-26000-C", "index_price": 27745.92, "direction": "buy", "amount": 0.7}, {"trade_seq": 4901, "trade_id": "248171852", "timestamp": 1679759235876, "tick_direction": 1, "price": 0.0715, "mark_price": 0.071448, "iv": 61.08, "instrument_name": "BTC-31MAR23-26000-C", "index_price": 27745.92, "direction": "buy", "amount": 0.1}, {"trade_seq": 4900, "trade_id": "248171851", "timestamp": 1679759235872, "tick_direction": 1, "price": 0.0715, "mark_price": 0.071448, "iv": 61.08, "instrument_name": "BTC-31MAR23-26000-C", "index_price": 27745.92, "direction": "buy", "amount": 0.2}, {"trade_seq": 4899, "trade_id": "248171846", "timestamp": 1679759235865, "tick_direction": 1, "price": 0.0715, "mark_price": 0.071448, "iv": 61.08, "instrument_name": "BTC-31MAR23-26000-C", "index_price": 27745.92, "direction": "buy", "amount": 1.0}, {"trade_seq": 4898, "trade_id": "248171845", "timestamp": 1679759235850, "tick_direction": 1, "price": 0.0715, "mark_price": 0.071448, "iv": 61.08, "instrument_name": "BTC-31MAR23-26000-C", "index_price": 27745.92, "direction": "buy", "amount": 0.7}, {"trade_seq": 4897, "trade_id": "248171844", "timestamp": 1679759235839, "tick_direction": 1, "price": 0.0715, "mark_price": 0.071448, "iv": 61.08, "instrument_name": "BTC-31MAR23-26000-C", "index_price": 27745.92, "direction": "buy", "amount": 6.1}, {"trade_seq": 4896, "trade_id": "248171543", "timestamp": 1679759224706, "tick_direction": 0, "price": 0.0715, "mark_price": 0.07009624, "iv": 64.78, "instrument_name": "BTC-31MAR23-26000-C", "index_price": 27730.66, "direction": "buy", "amount": 1.5}, {"trade_seq": 4895, "trade_id": "248092622", "timestamp": 1679693005388, "tick_direction": 2, "price": 0.0575, "mark_price": 0.05807901, "iv": 60.49, "instrument_name": "BTC-31MAR23-26000-C", "index_price": 27183.34, "direction": "sell", "amount": 2.0}, {"trade_seq": 4894, "trade_id": "248053719", "timestamp": 1679678709314, "tick_direction": 2, "price": 0.071, "mark_price": 0.07145028, "iv": 64.75, "instrument_name": "BTC-31MAR23-26000-C", "index_price": 27611.28, "direction": "buy", "amount": 0.3}, {"trade_seq": 4893, "trade_id": "247993443", "timestamp": 1679660432359, "tick_direction": 0, "price": 0.088, "mark_price": 0.08618998, "iv": 72.67, "instrument_name": "BTC-31MAR23-26000-C", "index_price": 28122.33, "direction": "buy", "amount": 1.0}, {"trade_seq": 4892, "trade_id": "247992978", "timestamp": 1679660426381, "tick_direction": 2, "price": 0.085, "mark_price": 0.08420647, "iv": 72.22, "instrument_name": "BTC-31MAR23-26000-C", "index_price": 28022.13, "direction": "buy", "amount": 5.0}, {"trade_seq": 4891, "trade_id": "247945242", "timestamp": 1679645290363, "tick_direction": 2, "price": 0.088, "mark_price": 0.08775406, "iv": 62.66, "instrument_name": "BTC-31MAR23-26000-C", "index_price": 28233.36, "direction": "buy", "amount": 1.0}, {"trade_seq": 4890, "trade_id": "247939501", "timestamp": 1679644335667, "tick_direction": 0, "price": 0.091, "mark_price": 0.09133677, "iv": 63.32, "instrument_name": "BTC-31MAR23-26000-C", "index_price": 28353.49, "direction": "buy", "amount": 1.0}, {"trade_seq": 4889, "trade_id": "247936662", "timestamp": 1679643999662, "tick_direction": 1, "price": 0.0905, "mark_price": 0.09079307, "iv": 63.45, "instrument_name": "BTC-31MAR23-26000-C", "index_price": 28332.48, "direction": "buy", "amount": 0.9}, {"trade_seq": 4888, "trade_id": "247935454", "timestamp": 1679643754749, "tick_direction": 0, "price": 0.0905, "mark_price": 0.09045047, "iv": 64.53, "instrument_name": "BTC-31MAR23-26000-C", "index_price": 28313.64, "direction": "buy", "amount": 0.1}, {"trade_seq": 4887, "trade_id": "247934229", "timestamp": 1679643550489, "tick_direction": 0, "price": 0.0895, "mark_price": 0.08970561, "iv": 63.76, "instrument_name": "BTC-31MAR23-26000-C", "index_price": 28294.07, "direction": "buy", "amount": 1.0}, {"trade_seq": 4886, "trade_id": "247933075", "timestamp": 1679643301545, "tick_direction": 1, "price": 0.089, "mark_price": 0.08929644, "iv": 63.49, "instrument_name": "BTC-31MAR23-26000-C", "index_price": 28281.7, "direction": "buy", "amount": 0.8}, {"trade_seq": 4885, "trade_id": "247933037", "timestamp": 1679643292424, "tick_direction": 1, "price": 0.089, "mark_price": 0.08927844, "iv": 63.55, "instrument_name": "BTC-31MAR23-26000-C", "index_price": 28281.68, "direction": "buy", "amount": 0.1}, {"trade_seq": 4884, "trade_id": "247933034", "timestamp": 1679643291430, "tick_direction": 0, "price": 0.089, "mark_price": 0.08919345, "iv": 63.54, "instrument_name": "BTC-31MAR23-26000-C", "index_price": 28281.73, "direction": "buy", "amount": 0.1}, {"trade_seq": 4883, "trade_id": "247931943", "timestamp": 1679643006378, "tick_direction": 3, "price": 0.088, "mark_price": 0.08837361, "iv": 63.11, "instrument_name": "BTC-31MAR23-26000-C", "index_price": 28253.46, "direction": "buy", "amount": 1.0}, {"trade_seq": 4882, "trade_id": "247931121", "timestamp": 1679642772762, "tick_direction": 2, "price": 0.088, "mark_price": 0.08838665, "iv": 63.21, "instrument_name": "BTC-31MAR23-26000-C", "index_price": 28250.28, "direction": "buy", "amount": 1.0}, {"trade_seq": 4881, "trade_id": "247890935", "timestamp": 1679611593355, "tick_direction": 0, "price": 0.0905, "mark_price": 0.09007995, "iv": 67.64, "instrument_name": "BTC-31MAR23-26000-C", "index_price": 28264.79, "direction": "sell", "amount": 0.7}, {"trade_seq": 4880, "trade_id": "247890336", "timestamp": 1679611204324, "tick_direction": 2, "price": 0.086, "mark_price": 0.08952396, "iv": 56.11, "instrument_name": "BTC-31MAR23-26000-C", "index_price": 28235.09, "direction": "sell", "amount": 0.1}, {"trade_seq": 4879, "trade_id": "247888013", "timestamp": 1679609728890, "tick_direction": 0, "price": 0.0885, "mark_price": 0.08804678, "iv": 67.48, "instrument_name": "BTC-31MAR23-26000-C", "index_price": 28186.96, "direction": "sell", "amount": 0.1}, {"trade_seq": 4878, "trade_id": "247884239", "timestamp": 1679607737281, "tick_direction": 1, "price": 0.088, "mark_price": 0.08761511, "iv": 67.55, "instrument_name": "BTC-31MAR23-26000-C", "index_price": 28167.77, "direction": "sell", "amount": 0.1}, {"trade_seq": 4877, "trade_id": "247884238", "timestamp": 1679607737281, "tick_direction": 0, "price": 0.088, "mark_price": 0.08761511, "iv": 67.55, "instrument_name": "BTC-31MAR23-26000-C", "index_price": 28167.77, "direction": "sell", "amount": 0.2}, {"trade_seq": 4876, "trade_id": "247884015", "timestamp": 1679607655060, "tick_direction": 2, "price": 0.0845, "mark_price": 0.08678511, "iv": 60.39, "instrument_name": "BTC-31MAR23-26000-C", "index_price": 28138.17, "direction": "sell", "amount": 0.2}, {"trade_seq": 4875, "trade_id": "247883889", "timestamp": 1679607629258, "tick_direction": 2, "price": 0.0875, "mark_price": 0.08739101, "iv": 67.08, "instrument_name": "BTC-31MAR23-26000-C", "index_price": 28157.12, "direction": "sell", "amount": 0.1}, {"trade_seq": 4874, "trade_id": "247883596", "timestamp": 1679607536452, "tick_direction": 0, "price": 0.088, "mark_price": 0.08869277, "iv": 64.71, "instrument_name": "BTC-31MAR23-26000-C", "index_price": 28208.57, "direction": "buy", "amount": 0.1}, {"trade_seq": 4873, "trade_id": "247883275", "timestamp": 1679607365372, "tick_direction": 2, "price": 0.0865, "mark_price": 0.08703206, "iv": 64.98, "instrument_name": "BTC-31MAR23-26000-C", "index_price": 28151.03, "direction": "buy", "amount": 0.2}, {"trade_seq": 4872, "trade_id": "247883019", "timestamp": 1679607281731, "tick_direction": 3, "price": 0.0885, "mark_price": 0.08769412, "iv": 68.59, "instrument_name": "BTC-31MAR23-26000-C", "index_price": 28173.63, "direction": "sell", "amount": 0.1}, {"trade_seq": 4871, "trade_id": "247882569", "timestamp": 1679607145320, "tick_direction": 2, "price": 0.0885, "mark_price": 0.08885008, "iv": 65.56, "instrument_name": "BTC-31MAR23-26000-C", "index_price": 28214.18, "direction": "buy", "amount": 0.1}, {"trade_seq": 4870, "trade_id": "247882310", "timestamp": 1679607038606, "tick_direction": 0, "price": 0.089, "mark_price": 0.08923126, "iv": 65.94, "instrument_name": "BTC-31MAR23-26000-C", "index_price": 28240.21, "direction": "buy", "amount": 0.1}, {"trade_seq": 4869, "trade_id": "247882215", "timestamp": 1679607009843, "tick_direction": 0, "price": 0.0875, "mark_price": 0.08841653, "iv": 64.08, "instrument_name": "BTC-31MAR23-26000-C", "index_price": 28200.18, "direction": "buy", "amount": 0.1}, {"trade_seq": 4868, "trade_id": "247881238", "timestamp": 1679606751754, "tick_direction": 0, "price": 0.086, "mark_price": 0.08780269, "iv": 61.66, "instrument_name": "BTC-31MAR23-26000-C", "index_price": 28173.81, "direction": "buy", "amount": 0.1}, {"trade_seq": 4867, "trade_id": "247880970", "timestamp": 1679606608487, "tick_direction": 2, "price": 0.0855, "mark_price": 0.08767832, "iv": 60.78, "instrument_name": "BTC-31MAR23-26000-C", "index_price": 28172.26, "direction": "buy", "amount": 0.1}, {"trade_seq": 4866, "trade_id": "247878635", "timestamp": 1679605825609, "tick_direction": 0, "price": 0.091, "mark_price": 0.09136845, "iv": 65.9, "instrument_name": "BTC-31MAR23-26000-C", "index_price": 28316.81, "direction": "buy", "amount": 0.1}, {"trade_seq": 4865, "trade_id": "247877059", "timestamp": 1679605001600, "tick_direction": 0, "price": 0.0905, "mark_price": 0.09089347, "iv": 66.43, "instrument_name": "BTC-31MAR23-26000-C", "index_price": 28275.19, "direction": "buy", "amount": 0.1}, {"trade_seq": 4864, "trade_id": "247876266", "timestamp": 1679604349194, "tick_direction": 1, "price": 0.09, "mark_price": 0.09003117, "iv": 67.4, "instrument_name": "BTC-31MAR23-26000-C", "index_price": 28249.78, "direction": "sell", "amount": 0.1}, {"trade_seq": 4863, "trade_id": "247875547", "timestamp": 1679603919437, "tick_direction": 0, "price": 0.09, "mark_price": 0.08979358, "iv": 68.0, "instrument_name": "BTC-31MAR23-26000-C", "index_price": 28240.05, "direction": "sell", "amount": 0.1}, {"trade_seq": 4862, "trade_id": "247874625", "timestamp": 1679603692470, "tick_direction": 2, "price": 0.0895, "mark_price": 0.0914576, "iv": 61.83, "instrument_name": "BTC-31MAR23-26000-C", "index_price": 28301.15, "direction": "sell", "amount": 0.1}, {"trade_seq": 4861, "trade_id": "247867802", "timestamp": 1679601773144, "tick_direction": 2, "price": 0.0945, "mark_price": 0.09241601, "iv": 73.76, "instrument_name": "BTC-31MAR23-26000-C", "index_price": 28327.46, "direction": "sell", "amount": 0.1}, {"trade_seq": 4860, "trade_id": "247865990", "timestamp": 1679601451183, "tick_direction": 0, "price": 0.096, "mark_price": 0.09593322, "iv": 68.56, "instrument_name": "BTC-31MAR23-26000-C", "index_price": 28460.36, "direction": "buy", "amount": 0.1}, {"trade_seq": 4859, "trade_id": "247858966", "timestamp": 1679600618925, "tick_direction": 0, "price": 0.0865, "mark_price": 0.08814254, "iv": 62.95, "instrument_name": "BTC-31MAR23-26000-C", "index_price": 28182.15, "direction": "buy", "amount": 0.1}, {"trade_seq": 4858, "trade_id": "247858038", "timestamp": 1679600443736, "tick_direction": 0, "price": 0.085, "mark_price": 0.0854309, "iv": 66.11, "instrument_name": "BTC-31MAR23-26000-C", "index_price": 28077.94, "direction": "buy", "amount": 0.1}, {"trade_seq": 4857, "trade_id": "247856247", "timestamp": 1679600081180, "tick_direction": 0, "price": 0.083, "mark_price": 0.0828669, "iv": 66.81, "instrument_name": "BTC-31MAR23-26000-C", "index_price": 27993.92, "direction": "buy", "amount": 0.2}, {"trade_seq": 4856, "trade_id": "247855312", "timestamp": 1679599926303, "tick_direction": 0, "price": 0.0825, "mark_price": 0.0822544, "iv": 67.0, "instrument_name": "BTC-31MAR23-26000-C", "index_price": 27967.15, "direction": "buy", "amount": 0.1}, {"trade_seq": 4855, "trade_id": "247854759", "timestamp": 1679599770239, "tick_direction": 2, "price": 0.0805, "mark_price": 0.08245528, "iv": 61.61, "instrument_name": "BTC-31MAR23-26000-C", "index_price": 27971.64, "direction": "buy", "amount": 0.1}, {"trade_seq": 4854, "trade_id": "247854739", "timestamp": 1679599761949, "tick_direction": 0, "price": 0.0815, "mark_price": 0.08236604, "iv": 64.32, "instrument_name": "BTC-31MAR23-26000-C", "index_price": 27967.43, "direction": "buy", "amount": 0.1}, {"trade_seq": 4853, "trade_id": "247854676", "timestamp": 1679599742736, "tick_direction": 0, "price": 0.0805, "mark_price": 0.08244401, "iv": 61.46, "instrument_name": "BTC-31MAR23-26000-C", "index_price": 27970.25, "direction": "buy", "amount": 0.1}, {"trade_seq": 4852, "trade_id": "247854635", "timestamp": 1679599719399, "tick_direction": 2, "price": 0.08, "mark_price": 0.08214758, "iv": 61.14, "instrument_name": "BTC-31MAR23-26000-C", "index_price": 27955.41, "direction": "sell", "amount": 0.1}, {"trade_seq": 4851, "trade_id": "247854184", "timestamp": 1679599609997, "tick_direction": 2, "price": 0.0805, "mark_price": 0.08124576, "iv": 64.69, "instrument_name": "BTC-31MAR23-26000-C", "index_price": 27927.25, "direction": "buy", "amount": 0.1}, {"trade_seq": 4850, "trade_id": "247851996", "timestamp": 1679599216853, "tick_direction": 2, "price": 0.0825, "mark_price": 0.08198069, "iv": 67.7, "instrument_name": "BTC-31MAR23-26000-C", "index_price": 27965.66, "direction": "sell", "amount": 0.1}, {"trade_seq": 4849, "trade_id": "247851250", "timestamp": 1679599124232, "tick_direction": 0, "price": 0.083, "mark_price": 0.08284151, "iv": 67.37, "instrument_name": "BTC-31MAR23-26000-C", "index_price": 27989.64, "direction": "sell", "amount": 0.1}, {"trade_seq": 4848, "trade_id": "247846778", "timestamp": 1679598359010, "tick_direction": 2, "price": 0.081, "mark_price": 0.07922864, "iv": 70.54, "instrument_name": "BTC-31MAR23-26000-C", "index_price": 27857.96, "direction": "buy", "amount": 0.1}, {"trade_seq": 4847, "trade_id": "247844395", "timestamp": 1679598110078, "tick_direction": 1, "price": 0.0825, "mark_price": 0.08367648, "iv": 63.61, "instrument_name": "BTC-31MAR23-26000-C", "index_price": 28012.33, "direction": "sell", "amount": 0.1}, {"trade_seq": 4846, "trade_id": "247841913", "timestamp": 1679597904042, "tick_direction": 0, "price": 0.0825, "mark_price": 0.0804603, "iv": 70.92, "instrument_name": "BTC-31MAR23-26000-C", "index_price": 27897.13, "direction": "buy", "amount": 0.1}, {"trade_seq": 4845, "trade_id": "247841442", "timestamp": 1679597843015, "tick_direction": 1, "price": 0.081, "mark_price": 0.08030204, "iv": 67.6, "instrument_name": "BTC-31MAR23-26000-C", "index_price": 27896.14, "direction": "buy", "amount": 1.0}, {"trade_seq": 4844, "trade_id": "247841138", "timestamp": 1679597823102, "tick_direction": 0, "price": 0.081, "mark_price": 0.08060878, "iv": 66.86, "instrument_name": "BTC-31MAR23-26000-C", "index_price": 27905.18, "direction": "buy", "amount": 1.0}, {"trade_seq": 4843, "trade_id": "247841135", "timestamp": 1679597820179, "tick_direction": 2, "price": 0.0805, "mark_price": 0.08035809, "iv": 65.74, "instrument_name": "BTC-31MAR23-26000-C", "index_price": 27904.43, "direction": "buy", "amount": 1.0}, {"trade_seq": 4842, "trade_id": "247839140", "timestamp": 1679597708486, "tick_direction": 2, "price": 0.083, "mark_price": 0.08383286, "iv": 64.16, "instrument_name": "BTC-31MAR23-26000-C", "index_price": 28024.4, "direction": "sell", "amount": 0.1}, {"trade_seq": 4841, "trade_id": "247832588", "timestamp": 1679596880965, "tick_direction": 2, "price": 0.0895, "mark_price": 0.08963122, "iv": 66.79, "instrument_name": "BTC-31MAR23-26000-C", "index_price": 28237.1, "direction": "sell", "amount": 0.1}, {"trade_seq": 4840, "trade_id": "247832189", "timestamp": 1679596805820, "tick_direction": 0, "price": 0.0905, "mark_price": 0.09062222, "iv": 66.47, "instrument_name": "BTC-31MAR23-26000-C", "index_price": 28275.75, "direction": "buy", "amount": 0.1}, {"trade_seq": 4839, "trade_id": "247831176", "timestamp": 1679596470850, "tick_direction": 0, "price": 0.0895, "mark_price": 0.08929926, "iv": 67.26, "instrument_name": "BTC-31MAR23-26000-C", "index_price": 28224.5, "direction": "sell", "amount": 0.1}, {"trade_seq": 4838, "trade_id": "247829466", "timestamp": 1679596166400, "tick_direction": 2, "price": 0.088, "mark_price": 0.09125485, "iv": 54.83, "instrument_name": "BTC-31MAR23-26000-C", "index_price": 28322.94, "direction": "sell", "amount": 0.1}, {"trade_seq": 4837, "trade_id": "247826576", "timestamp": 1679595570999, "tick_direction": 2, "price": 0.094, "mark_price": 0.0936647, "iv": 67.48, "instrument_name": "BTC-31MAR23-26000-C", "index_price": 28382.09, "direction": "sell", "amount": 0.1}, {"trade_seq": 4836, "trade_id": "247826439", "timestamp": 1679595530662, "tick_direction": 0, "price": 0.0945, "mark_price": 0.09341505, "iv": 69.5, "instrument_name": "BTC-31MAR23-26000-C", "index_price": 28374.79, "direction": "sell", "amount": 0.1}, {"trade_seq": 4835, "trade_id": "247819280", "timestamp": 1679593617080, "tick_direction": 2, "price": 0.0915, "mark_price": 0.09163963, "iv": 65.34, "instrument_name": "BTC-31MAR23-26000-C", "index_price": 28334.86, "direction": "sell", "amount": 0.1}, {"trade_seq": 4834, "trade_id": "247818910", "timestamp": 1679593512328, "tick_direction": 0, "price": 0.092, "mark_price": 0.0919474, "iv": 65.83, "instrument_name": "BTC-31MAR23-26000-C", "index_price": 28346.56, "direction": "sell", "amount": 0.1}, {"trade_seq": 4833, "trade_id": "247818358", "timestamp": 1679593377878, "tick_direction": 0, "price": 0.0915, "mark_price": 0.09068883, "iv": 67.71, "instrument_name": "BTC-31MAR23-26000-C", "index_price": 28309.62, "direction": "buy", "amount": 0.1}, {"trade_seq": 4832, "trade_id": "247817441", "timestamp": 1679593233560, "tick_direction": 2, "price": 0.089, "mark_price": 0.08900272, "iv": 65.54, "instrument_name": "BTC-31MAR23-26000-C", "index_price": 28247.79, "direction": "buy", "amount": 0.1}, {"trade_seq": 4831, "trade_id": "247816802", "timestamp": 1679593099444, "tick_direction": 0, "price": 0.0895, "mark_price": 0.08975527, "iv": 65.94, "instrument_name": "BTC-31MAR23-26000-C", "index_price": 28263.04, "direction": "sell", "amount": 0.1}, {"trade_seq": 4830, "trade_id": "247816127", "timestamp": 1679592983223, "tick_direction": 2, "price": 0.0885, "mark_price": 0.08840394, "iv": 65.73, "instrument_name": "BTC-31MAR23-26000-C", "index_price": 28225.44, "direction": "sell", "amount": 0.1}, {"trade_seq": 4829, "trade_id": "247813840", "timestamp": 1679592501502, "tick_direction": 0, "price": 0.0895, "mark_price": 0.08959932, "iv": 64.68, "instrument_name": "BTC-31MAR23-26000-C", "index_price": 28281.47, "direction": "buy", "amount": 0.1}, {"trade_seq": 4828, "trade_id": "247813405", "timestamp": 1679592411905, "tick_direction": 2, "price": 0.085, "mark_price": 0.08960873, "iv": 51.86, "instrument_name": "BTC-31MAR23-26000-C", "index_price": 28278.13, "direction": "buy", "amount": 0.1}, {"trade_seq": 4827, "trade_id": "247799988", "timestamp": 1679589051794, "tick_direction": 0, "price": 0.0995, "mark_price": 0.09942529, "iv": 68.44, "instrument_name": "BTC-31MAR23-26000-C", "index_price": 28578.59, "direction": "buy", "amount": 0.1}, {"trade_seq": 4826, "trade_id": "247797995", "timestamp": 1679588544346, "tick_direction": 3, "price": 0.097, "mark_price": 0.09672922, "iv": 69.0, "instrument_name": "BTC-31MAR23-26000-C", "index_price": 28473.3, "direction": "buy", "amount": 0.1}, {"trade_seq": 4825, "trade_id": "247797991", "timestamp": 1679588544309, "tick_direction": 2, "price": 0.097, "mark_price": 0.09672922, "iv": 69.0, "instrument_name": "BTC-31MAR23-26000-C", "index_price": 28473.3, "direction": "buy", "amount": 0.1}, {"trade_seq": 4824, "trade_id": "247789793", "timestamp": 1679587235675, "tick_direction": 0, "price": 0.103, "mark_price": 0.10303958, "iv": 68.62, "instrument_name": "BTC-31MAR23-26000-C", "index_price": 28697.96, "direction": "buy", "amount": 0.2}, {"trade_seq": 4823, "trade_id": "247789791", "timestamp": 1679587235413, "tick_direction": 2, "price": 0.1025, "mark_price": 0.10303958, "iv": 67.1, "instrument_name": "BTC-31MAR23-26000-C", "index_price": 28697.96, "direction": "buy", "amount": 1.0}, {"trade_seq": 4822, "trade_id": "247789784", "timestamp": 1679587234685, "tick_direction": 2, "price": 0.103, "mark_price": 0.10293891, "iv": 68.62, "instrument_name": "BTC-31MAR23-26000-C", "index_price": 28693.96, "direction": "buy", "amount": 0.8}, {"trade_seq": 4821, "trade_id": "247785616", "timestamp": 1679586561016, "tick_direction": 0, "price": 0.1035, "mark_price": 0.10266385, "iv": 71.13, "instrument_name": "BTC-31MAR23-26000-C", "index_price": 28694.62, "direction": "sell", "amount": 0.1}, {"trade_seq": 4820, "trade_id": "247785147", "timestamp": 1679586467841, "tick_direction": 0, "price": 0.103, "mark_price": 0.10093369, "iv": 74.29, "instrument_name": "BTC-31MAR23-26000-C", "index_price": 28633.67, "direction": "buy", "amount": 0.1}, {"trade_seq": 4819, "trade_id": "247784432", "timestamp": 1679586321464, "tick_direction": 2, "price": 0.101, "mark_price": 0.10083875, "iv": 68.56, "instrument_name": "BTC-31MAR23-26000-C", "index_price": 28625.99, "direction": "buy", "amount": 0.1}, {"trade_seq": 4818, "trade_id": "247779736", "timestamp": 1679585849948, "tick_direction": 0, "price": 0.105, "mark_price": 0.10380377, "iv": 70.17, "instrument_name": "BTC-31MAR23-26000-C", "index_price": 28769.97, "direction": "buy", "amount": 0.1}, {"trade_seq": 4817, "trade_id": "247764669", "timestamp": 1679584599337, "tick_direction": 0, "price": 0.1015, "mark_price": 0.10511895, "iv": 51.54, "instrument_name": "BTC-31MAR23-26000-C", "index_price": 28817.19, "direction": "sell", "amount": 0.1}, {"trade_seq": 4816, "trade_id": "247762562", "timestamp": 1679584555738, "tick_direction": 0, "price": 0.0955, "mark_price": 0.10066457, "iv": 43.26, "instrument_name": "BTC-31MAR23-26000-C", "index_price": 28668.03, "direction": "sell", "amount": 0.1}, {"trade_seq": 4815, "trade_id": "247758962", "timestamp": 1679584461822, "tick_direction": 1, "price": 0.093, "mark_price": 0.09273712, "iv": 63.95, "instrument_name": "BTC-31MAR23-26000-C", "index_price": 28399.91, "direction": "sell", "amount": 0.1}, {"trade_seq": 4814, "trade_id": "247756695", "timestamp": 1679584314157, "tick_direction": 0, "price": 0.093, "mark_price": 0.09248658, "iv": 64.3, "instrument_name": "BTC-31MAR23-26000-C", "index_price": 28385.19, "direction": "buy", "amount": 0.1}, {"trade_seq": 4813, "trade_id": "247754680", "timestamp": 1679584166994, "tick_direction": 2, "price": 0.09, "mark_price": 0.09019341, "iv": 62.07, "instrument_name": "BTC-31MAR23-26000-C", "index_price": 28315.91, "direction": "buy", "amount": 0.1}, {"trade_seq": 4812, "trade_id": "247753659", "timestamp": 1679584103463, "tick_direction": 0, "price": 0.0925, "mark_price": 0.09136132, "iv": 65.83, "instrument_name": "BTC-31MAR23-26000-C", "index_price": 28347.88, "direction": "sell", "amount": 0.1}, {"trade_seq": 4811, "trade_id": "247752457", "timestamp": 1679584075419, "tick_direction": 0, "price": 0.092, "mark_price": 0.08916318, "iv": 70.0, "instrument_name": "BTC-31MAR23-26000-C", "index_price": 28265.62, "direction": "buy", "amount": 0.1}, {"trade_seq": 4810, "trade_id": "247752093", "timestamp": 1679584041828, "tick_direction": 0, "price": 0.09, "mark_price": 0.08773989, "iv": 68.2, "instrument_name": "BTC-31MAR23-26000-C", "index_price": 28215.62, "direction": "buy", "amount": 0.1}, {"trade_seq": 4809, "trade_id": "247752019", "timestamp": 1679584034855, "tick_direction": 0, "price": 0.088, "mark_price": 0.08833903, "iv": 61.5, "instrument_name": "BTC-31MAR23-26000-C", "index_price": 28235.63, "direction": "sell", "amount": 0.1}, {"trade_seq": 4808, "trade_id": "247749479", "timestamp": 1679583916221, "tick_direction": 2, "price": 0.087, "mark_price": 0.08699491, "iv": 62.15, "instrument_name": "BTC-31MAR23-26000-C", "index_price": 28196.17, "direction": "buy", "amount": 0.1}, {"trade_seq": 4807, "trade_id": "247746379", "timestamp": 1679583685084, "tick_direction": 0, "price": 0.092, "mark_price": 0.08521161, "iv": 77.97, "instrument_name": "BTC-31MAR23-26000-C", "index_price": 28154.76, "direction": "buy", "amount": 0.1}, {"trade_seq": 4806, "trade_id": "247730462", "timestamp": 1679582761357, "tick_direction": 0, "price": 0.068, "mark_price": 0.06807845, "iv": 59.64, "instrument_name": "BTC-31MAR23-26000-C", "index_price": 27504.79, "direction": "buy", "amount": 0.1}, {"trade_seq": 4805, "trade_id": "247729479", "timestamp": 1679582331574, "tick_direction": 2, "price": 0.0665, "mark_price": 0.0667069, "iv": 59.26, "instrument_name": "BTC-31MAR23-26000-C", "index_price": 27438.5, "direction": "buy", "amount": 0.1}, {"trade_seq": 4804, "trade_id": "247726705", "timestamp": 1679580914171, "tick_direction": 0, "price": 0.068, "mark_price": 0.06816142, "iv": 59.42, "instrument_name": "BTC-31MAR23-26000-C", "index_price": 27499.46, "direction": "buy", "amount": 0.1}, {"trade_seq": 4803, "trade_id": "247725551", "timestamp": 1679580579558, "tick_direction": 2, "price": 0.065, "mark_price": 0.06543658, "iv": 59.71, "instrument_name": "BTC-31MAR23-26000-C", "index_price": 27377.59, "direction": "sell", "amount": 0.1}, {"trade_seq": 4802, "trade_id": "247725116", "timestamp": 1679580492966, "tick_direction": 2, "price": 0.0655, "mark_price": 0.06589837, "iv": 58.96, "instrument_name": "BTC-31MAR23-26000-C", "index_price": 27411.92, "direction": "buy", "amount": 0.1}, {"trade_seq": 4801, "trade_id": "247724689", "timestamp": 1679580412592, "tick_direction": 2, "price": 0.066, "mark_price": 0.06608054, "iv": 59.69, "instrument_name": "BTC-31MAR23-26000-C", "index_price": 27422.64, "direction": "buy", "amount": 0.1}, {"trade_seq": 4800, "trade_id": "247723015", "timestamp": 1679579984393, "tick_direction": 0, "price": 0.0665, "mark_price": 0.0664194, "iv": 60.15, "instrument_name": "BTC-31MAR23-26000-C", "index_price": 27431.97, "direction": "sell", "amount": 0.1}, {"trade_seq": 4799, "trade_id": "247721617", "timestamp": 1679579635846, "tick_direction": 2, "price": 0.0635, "mark_price": 0.06592727, "iv": 54.78, "instrument_name": "BTC-31MAR23-26000-C", "index_price": 27416.42, "direction": "sell", "amount": 0.1}, {"trade_seq": 4798, "trade_id": "247720189", "timestamp": 1679579270602, "tick_direction": 2, "price": 0.0665, "mark_price": 0.06648339, "iv": 60.41, "instrument_name": "BTC-31MAR23-26000-C", "index_price": 27434.71, "direction": "sell", "amount": 0.1}, {"trade_seq": 4797, "trade_id": "247716472", "timestamp": 1679578581464, "tick_direction": 0, "price": 0.069, "mark_price": 0.06746181, "iv": 63.66, "instrument_name": "BTC-31MAR23-26000-C", "index_price": 27478.26, "direction": "sell", "amount": 0.1}, {"trade_seq": 4796, "trade_id": "247713578", "timestamp": 1679577977436, "tick_direction": 2, "price": 0.065, "mark_price": 0.06666054, "iv": 57.01, "instrument_name": "BTC-31MAR23-26000-C", "index_price": 27440.06, "direction": "buy", "amount": 0.1}, {"trade_seq": 4795, "trade_id": "247713049", "timestamp": 1679577897021, "tick_direction": 0, "price": 0.066, "mark_price": 0.0658537, "iv": 60.9, "instrument_name": "BTC-31MAR23-26000-C", "index_price": 27401.29, "direction": "sell", "amount": 0.1}, {"trade_seq": 4794, "trade_id": "247712880", "timestamp": 1679577831684, "tick_direction": 3, "price": 0.0655, "mark_price": 0.0664752, "iv": 58.52, "instrument_name": "BTC-31MAR23-26000-C", "index_price": 27427.24, "direction": "buy", "amount": 0.1}, {"trade_seq": 4793, "trade_id": "247712281", "timestamp": 1679577727174, "tick_direction": 2, "price": 0.0655, "mark_price": 0.06638914, "iv": 58.77, "instrument_name": "BTC-31MAR23-26000-C", "index_price": 27424.38, "direction": "sell", "amount": 0.1}, {"trade_seq": 4792, "trade_id": "247712240", "timestamp": 1679577723329, "tick_direction": 2, "price": 0.0665, "mark_price": 0.06643022, "iv": 60.79, "instrument_name": "BTC-31MAR23-26000-C", "index_price": 27425.39, "direction": "sell", "amount": 0.1}, {"trade_seq": 4791, "trade_id": "247706826", "timestamp": 1679577315370, "tick_direction": 2, "price": 0.068, "mark_price": 0.06868697, "iv": 59.17, "instrument_name": "BTC-31MAR23-26000-C", "index_price": 27487.78, "direction": "sell", "amount": 0.1}, {"trade_seq": 4790, "trade_id": "247706494", "timestamp": 1679577277244, "tick_direction": 0, "price": 0.069, "mark_price": 0.0691681, "iv": 60.29, "instrument_name": "BTC-31MAR23-26000-C", "index_price": 27520.2, "direction": "buy", "amount": 0.1}, {"trade_seq": 4789, "trade_id": "247705616", "timestamp": 1679576942801, "tick_direction": 2, "price": 0.0685, "mark_price": 0.06943124, "iv": 58.54, "instrument_name": "BTC-31MAR23-26000-C", "index_price": 27535.73, "direction": "sell", "amount": 0.1}, {"trade_seq": 4788, "trade_id": "247705006", "timestamp": 1679576707396, "tick_direction": 2, "price": 0.0695, "mark_price": 0.06962887, "iv": 60.12, "instrument_name": "BTC-31MAR23-26000-C", "index_price": 27545.39, "direction": "buy", "amount": 0.1}, {"trade_seq": 4787, "trade_id": "247704170", "timestamp": 1679576409238, "tick_direction": 2, "price": 0.07, "mark_price": 0.06973866, "iv": 61.02, "instrument_name": "BTC-31MAR23-26000-C", "index_price": 27549.81, "direction": "sell", "amount": 0.1}, {"trade_seq": 4786, "trade_id": "247700129", "timestamp": 1679574987920, "tick_direction": 0, "price": 0.0735, "mark_price": 0.07264377, "iv": 62.44, "instrument_name": "BTC-31MAR23-26000-C", "index_price": 27669.49, "direction": "sell", "amount": 0.1}, {"trade_seq": 4785, "trade_id": "247698611", "timestamp": 1679574505759, "tick_direction": 1, "price": 0.073, "mark_price": 0.07284388, "iv": 60.93, "instrument_name": "BTC-31MAR23-26000-C", "index_price": 27684.04, "direction": "buy", "amount": 0.1}, {"trade_seq": 4784, "trade_id": "247698142", "timestamp": 1679574286283, "tick_direction": 1, "price": 0.073, "mark_price": 0.07329104, "iv": 60.23, "instrument_name": "BTC-31MAR23-26000-C", "index_price": 27695.2, "direction": "sell", "amount": 0.1}, {"trade_seq": 4783, "trade_id": "247696322", "timestamp": 1679573193914, "tick_direction": 1, "price": 0.073, "mark_price": 0.07280872, "iv": 60.95, "instrument_name": "BTC-31MAR23-26000-C", "index_price": 27673.67, "direction": "buy", "amount": 0.1}, {"trade_seq": 4782, "trade_id": "247695066", "timestamp": 1679572659096, "tick_direction": 0, "price": 0.073, "mark_price": 0.07290661, "iv": 61.25, "instrument_name": "BTC-31MAR23-26000-C", "index_price": 27672.07, "direction": "sell", "amount": 0.1}, {"trade_seq": 4781, "trade_id": "247693370", "timestamp": 1679572180188, "tick_direction": 0, "price": 0.0705, "mark_price": 0.07102775, "iv": 59.75, "instrument_name": "BTC-31MAR23-26000-C", "index_price": 27627.22, "direction": "buy", "amount": 0.1}, {"trade_seq": 4780, "trade_id": "247691658", "timestamp": 1679571513588, "tick_direction": 2, "price": 0.07, "mark_price": 0.07032104, "iv": 60.33, "instrument_name": "BTC-31MAR23-26000-C", "index_price": 27561.46, "direction": "buy", "amount": 0.1}, {"trade_seq": 4779, "trade_id": "247691428", "timestamp": 1679571430054, "tick_direction": 3, "price": 0.071, "mark_price": 0.0709773, "iv": 61.11, "instrument_name": "BTC-31MAR23-26000-C", "index_price": 27590.31, "direction": "sell", "amount": 0.1}, {"trade_seq": 4778, "trade_id": "247690558", "timestamp": 1679571081304, "tick_direction": 3, "price": 0.071, "mark_price": 0.07084938, "iv": 61.33, "instrument_name": "BTC-31MAR23-26000-C", "index_price": 27590.42, "direction": "buy", "amount": 0.1}, {"trade_seq": 4777, "trade_id": "247690249", "timestamp": 1679570802887, "tick_direction": 2, "price": 0.071, "mark_price": 0.07066462, "iv": 61.7, "instrument_name": "BTC-31MAR23-26000-C", "index_price": 27583.17, "direction": "sell", "amount": 0.1}, {"trade_seq": 4776, "trade_id": "247689723", "timestamp": 1679570541376, "tick_direction": 0, "price": 0.0715, "mark_price": 0.07131597, "iv": 61.32, "instrument_name": "BTC-31MAR23-26000-C", "index_price": 27600.26, "direction": "buy", "amount": 0.1}, {"trade_seq": 4775, "trade_id": "247687403", "timestamp": 1679569893283, "tick_direction": 2, "price": 0.071, "mark_price": 0.07205347, "iv": 58.46, "instrument_name": "BTC-31MAR23-26000-C", "index_price": 27629.65, "direction": "sell", "amount": 0.1}, {"trade_seq": 4774, "trade_id": "247686035", "timestamp": 1679569251332, "tick_direction": 2, "price": 0.074, "mark_price": 0.07391339, "iv": 61.07, "instrument_name": "BTC-31MAR23-26000-C", "index_price": 27698.79, "direction": "sell", "amount": 0.1}, {"trade_seq": 4773, "trade_id": "247684720", "timestamp": 1679568311094, "tick_direction": 1, "price": 0.0745, "mark_price": 0.07458899, "iv": 60.4, "instrument_name": "BTC-31MAR23-26000-C", "index_price": 27723.9, "direction": "buy", "amount": 0.1}, {"trade_seq": 4772, "trade_id": "247683635", "timestamp": 1679567645115, "tick_direction": 0, "price": 0.0745, "mark_price": 0.07460714, "iv": 59.76, "instrument_name": "BTC-31MAR23-26000-C", "index_price": 27734.56, "direction": "sell", "amount": 0.1}, {"trade_seq": 4771, "trade_id": "247682110", "timestamp": 1679566620213, "tick_direction": 1, "price": 0.074, "mark_price": 0.07441652, "iv": 59.12, "instrument_name": "BTC-31MAR23-26000-C", "index_price": 27728.21, "direction": "sell", "amount": 0.1}, {"trade_seq": 4770, "trade_id": "247681151", "timestamp": 1679566232952, "tick_direction": 0, "price": 0.074, "mark_price": 0.07413137, "iv": 58.92, "instrument_name": "BTC-31MAR23-26000-C", "index_price": 27745.02, "direction": "buy", "amount": 0.1}, {"trade_seq": 4769, "trade_id": "247679829", "timestamp": 1679565788228, "tick_direction": 2, "price": 0.073, "mark_price": 0.07321373, "iv": 58.89, "instrument_name": "BTC-31MAR23-26000-C", "index_price": 27711.09, "direction": "sell", "amount": 0.1}, {"trade_seq": 4768, "trade_id": "247679719", "timestamp": 1679565645426, "tick_direction": 0, "price": 0.0735, "mark_price": 0.07333959, "iv": 59.67, "instrument_name": "BTC-31MAR23-26000-C", "index_price": 27714.64, "direction": "buy", "amount": 0.1}, {"trade_seq": 4767, "trade_id": "247642994", "timestamp": 1679550003771, "tick_direction": 1, "price": 0.07, "mark_price": 0.06950483, "iv": 60.17, "instrument_name": "BTC-31MAR23-26000-C", "index_price": 27559.94, "direction": "sell", "amount": 4.5}, {"trade_seq": 4766, "trade_id": "247642993", "timestamp": 1679550003744, "tick_direction": 0, "price": 0.07, "mark_price": 0.06950483, "iv": 60.17, "instrument_name": "BTC-31MAR23-26000-C", "index_price": 27559.94, "direction": "sell", "amount": 0.5}, {"trade_seq": 4765, "trade_id": "247635964", "timestamp": 1679547667584, "tick_direction": 2, "price": 0.0645, "mark_price": 0.06430913, "iv": 58.94, "instrument_name": "BTC-31MAR23-26000-C", "index_price": 27354.57, "direction": "sell", "amount": 0.7}, {"trade_seq": 4764, "trade_id": "247611663", "timestamp": 1679538000206, "tick_direction": 0, "price": 0.065, "mark_price": 0.06509606, "iv": 61.58, "instrument_name": "BTC-31MAR23-26000-C", "index_price": 27322.67, "direction": "buy", "amount": 2.0}, {"trade_seq": 4763, "trade_id": "247607326", "timestamp": 1679536781925, "tick_direction": 3, "price": 0.062, "mark_price": 0.06301669, "iv": 60.2, "instrument_name": "BTC-31MAR23-26000-C", "index_price": 27224.28, "direction": "buy", "amount": 5.5}, {"trade_seq": 4762, "trade_id": "247607325", "timestamp": 1679536781923, "tick_direction": 2, "price": 0.062, "mark_price": 0.06301669, "iv": 60.2, "instrument_name": "BTC-31MAR23-26000-C", "index_price": 27224.28, "direction": "sell", "amount": 1.0}, {"trade_seq": 4761, "trade_id": "247423768", "timestamp": 1679510140979, "tick_direction": 2, "price": 0.091, "mark_price": 0.09296768, "iv": 70.66, "instrument_name": "BTC-31MAR23-26000-C", "index_price": 28179.95, "direction": "sell", "amount": 0.1}, {"trade_seq": 4760, "trade_id": "247423242", "timestamp": 1679510136908, "tick_direction": 2, "price": 0.0945, "mark_price": 0.09553205, "iv": 69.77, "instrument_name": "BTC-31MAR23-26000-C", "index_price": 28326.23, "direction": "sell", "amount": 0.2}, {"trade_seq": 4759, "trade_id": "247336739", "timestamp": 1679496315841, "tick_direction": 1, "price": 0.1035, "mark_price": 0.10240383, "iv": 72.57, "instrument_name": "BTC-31MAR23-26000-C", "index_price": 28608.74, "direction": "buy", "amount": 1.8}, {"trade_seq": 4758, "trade_id": "247336738", "timestamp": 1679496315841, "tick_direction": 1, "price": 0.1035, "mark_price": 0.10240383, "iv": 72.57, "instrument_name": "BTC-31MAR23-26000-C", "index_price": 28608.74, "direction": "buy", "amount": 3.2}, {"trade_seq": 4757, "trade_id": "247336727", "timestamp": 1679496315804, "tick_direction": 1, "price": 0.1035, "mark_price": 0.10240383, "iv": 72.57, "instrument_name": "BTC-31MAR23-26000-C", "index_price": 28608.74, "direction": "buy", "amount": 0.4}, {"trade_seq": 4756, "trade_id": "247336725", "timestamp": 1679496315796, "tick_direction": 1, "price": 0.1035, "mark_price": 0.10240383, "iv": 72.57, "instrument_name": "BTC-31MAR23-26000-C", "index_price": 28608.74, "direction": "buy", "amount": 0.4}, {"trade_seq": 4755, "trade_id": "247336721", "timestamp": 1679496315787, "tick_direction": 1, "price": 0.1035, "mark_price": 0.10240383, "iv": 72.57, "instrument_name": "BTC-31MAR23-26000-C", "index_price": 28608.74, "direction": "buy", "amount": 1.1}, {"trade_seq": 4754, "trade_id": "247336715", "timestamp": 1679496315688, "tick_direction": 0, "price": 0.1035, "mark_price": 0.10240383, "iv": 74.14, "instrument_name": "BTC-31MAR23-26000-C", "index_price": 28585.76, "direction": "buy", "amount": 1.7}, {"trade_seq": 4753, "trade_id": "247336587", "timestamp": 1679496314784, "tick_direction": 1, "price": 0.1025, "mark_price": 0.10162654, "iv": 71.7, "instrument_name": "BTC-31MAR23-26000-C", "index_price": 28585.76, "direction": "buy", "amount": 0.1}, {"trade_seq": 4752, "trade_id": "247336584", "timestamp": 1679496314758, "tick_direction": 1, "price": 0.1025, "mark_price": 0.10162654, "iv": 71.7, "instrument_name": "BTC-31MAR23-26000-C", "index_price": 28585.76, "direction": "buy", "amount": 0.3}, {"trade_seq": 4751, "trade_id": "247336583", "timestamp": 1679496314752, "tick_direction": 1, "price": 0.1025, "mark_price": 0.10162654, "iv": 71.7, "instrument_name": "BTC-31MAR23-26000-C", "index_price": 28585.76, "direction": "buy", "amount": 1.8}, {"trade_seq": 4750, "trade_id": "247336458", "timestamp": 1679496314211, "tick_direction": 0, "price": 0.1025, "mark_price": 0.10145457, "iv": 73.58, "instrument_name": "BTC-31MAR23-26000-C", "index_price": 28556.17, "direction": "buy", "amount": 13.0}, {"trade_seq": 4749, "trade_id": "247333086", "timestamp": 1679495468218, "tick_direction": 0, "price": 0.1005, "mark_price": 0.10069566, "iv": 71.17, "instrument_name": "BTC-31MAR23-26000-C", "index_price": 28509.61, "direction": "buy", "amount": 1.0}, {"trade_seq": 4748, "trade_id": "247328947", "timestamp": 1679493349777, "tick_direction": 0, "price": 0.0975, "mark_price": 0.09728942, "iv": 71.69, "instrument_name": "BTC-31MAR23-26000-C", "index_price": 28381.74, "direction": "sell", "amount": 0.5}, {"trade_seq": 4747, "trade_id": "247312080", "timestamp": 1679483055995, "tick_direction": 1, "price": 0.0945, "mark_price": 0.09465482, "iv": 73.63, "instrument_name": "BTC-31MAR23-26000-C", "index_price": 28236.7, "direction": "buy", "amount": 20.0}, {"trade_seq": 4746, "trade_id": "247312079", "timestamp": 1679483055944, "tick_direction": 0, "price": 0.0945, "mark_price": 0.09465482, "iv": 73.64, "instrument_name": "BTC-31MAR23-26000-C", "index_price": 28228.75, "direction": "buy", "amount": 11.2}, {"trade_seq": 4745, "trade_id": "247304534", "timestamp": 1679477627011, "tick_direction": 1, "price": 0.094, "mark_price": 0.09472488, "iv": 73.77, "instrument_name": "BTC-31MAR23-26000-C", "index_price": 28196.42, "direction": "buy", "amount": 14.0}, {"trade_seq": 4744, "trade_id": "247304533", "timestamp": 1679477627009, "tick_direction": 1, "price": 0.094, "mark_price": 0.09472488, "iv": 73.77, "instrument_name": "BTC-31MAR23-26000-C", "index_price": 28196.42, "direction": "buy", "amount": 3.7}, {"trade_seq": 4743, "trade_id": "247304532", "timestamp": 1679477627008, "tick_direction": 1, "price": 0.094, "mark_price": 0.09472488, "iv": 73.77, "instrument_name": "BTC-31MAR23-26000-C", "index_price": 28196.42, "direction": "buy", "amount": 12.3}, {"trade_seq": 4742, "trade_id": "247304531", "timestamp": 1679477627007, "tick_direction": 1, "price": 0.094, "mark_price": 0.09472488, "iv": 73.77, "instrument_name": "BTC-31MAR23-26000-C", "index_price": 28196.42, "direction": "buy", "amount": 2.0}, {"trade_seq": 4741, "trade_id": "247304530", "timestamp": 1679477627006, "tick_direction": 1, "price": 0.094, "mark_price": 0.09472488, "iv": 73.77, "instrument_name": "BTC-31MAR23-26000-C", "index_price": 28196.42, "direction": "buy", "amount": 1.0}, {"trade_seq": 4740, "trade_id": "247300418", "timestamp": 1679475680362, "tick_direction": 0, "price": 0.094, "mark_price": 0.09334557, "iv": 76.68, "instrument_name": "BTC-31MAR23-26000-C", "index_price": 28132.67, "direction": "sell", "amount": 0.5}, {"trade_seq": 4739, "trade_id": "247116664", "timestamp": 1679401423296, "tick_direction": 0, "price": 0.0895, "mark_price": 0.08940146, "iv": 69.23, "instrument_name": "BTC-31MAR23-26000-C", "index_price": 28024.85, "direction": "buy", "amount": 0.2}, {"trade_seq": 4738, "trade_id": "247054011", "timestamp": 1679382504897, "tick_direction": 1, "price": 0.076, "mark_price": 0.07594445, "iv": 67.09, "instrument_name": "BTC-31MAR23-26000-C", "index_price": 27520.25, "direction": "buy", "amount": 14.2}, {"trade_seq": 4737, "trade_id": "247053993", "timestamp": 1679382504358, "tick_direction": 1, "price": 0.076, "mark_price": 0.07575723, "iv": 67.09, "instrument_name": "BTC-31MAR23-26000-C", "index_price": 27505.84, "direction": "buy", "amount": 0.8}, {"trade_seq": 4736, "trade_id": "247053992", "timestamp": 1679382504336, "tick_direction": 1, "price": 0.076, "mark_price": 0.07575723, "iv": 67.09, "instrument_name": "BTC-31MAR23-26000-C", "index_price": 27505.84, "direction": "buy", "amount": 0.5}, {"trade_seq": 4735, "trade_id": "247053991", "timestamp": 1679382504329, "tick_direction": 1, "price": 0.076, "mark_price": 0.07575723, "iv": 67.09, "instrument_name": "BTC-31MAR23-26000-C", "index_price": 27505.84, "direction": "buy", "amount": 0.1}, {"trade_seq": 4734, "trade_id": "247053990", "timestamp": 1679382504321, "tick_direction": 1, "price": 0.076, "mark_price": 0.07575723, "iv": 67.09, "instrument_name": "BTC-31MAR23-26000-C", "index_price": 27505.84, "direction": "buy", "amount": 0.8}, {"trade_seq": 4733, "trade_id": "247053989", "timestamp": 1679382504301, "tick_direction": 0, "price": 0.076, "mark_price": 0.07575723, "iv": 67.09, "instrument_name": "BTC-31MAR23-26000-C", "index_price": 27505.84, "direction": "buy", "amount": 0.6}, {"trade_seq": 4732, "trade_id": "247053877", "timestamp": 1679382501375, "tick_direction": 3, "price": 0.075, "mark_price": 0.07497125, "iv": 66.42, "instrument_name": "BTC-31MAR23-26000-C", "index_price": 27483.0, "direction": "buy", "amount": 0.5}, {"trade_seq": 4731, "trade_id": "247053876", "timestamp": 1679382501360, "tick_direction": 3, "price": 0.075, "mark_price": 0.07497125, "iv": 66.42, "instrument_name": "BTC-31MAR23-26000-C", "index_price": 27483.0, "direction": "buy", "amount": 0.6}, {"trade_seq": 4730, "trade_id": "247053875", "timestamp": 1679382501356, "tick_direction": 2, "price": 0.075, "mark_price": 0.07497125, "iv": 66.42, "instrument_name": "BTC-31MAR23-26000-C", "index_price": 27483.0, "direction": "buy", "amount": 0.9}, {"trade_seq": 4729, "trade_id": "247047919", "timestamp": 1679380853960, "tick_direction": 2, "price": 0.0835, "mark_price": 0.08332141, "iv": 67.04, "instrument_name": "BTC-31MAR23-26000-C", "index_price": 27826.37, "direction": "buy", "amount": 14.0}, {"trade_seq": 4728, "trade_id": "247038456", "timestamp": 1679377137454, "tick_direction": 2, "price": 0.085, "mark_price": 0.08548973, "iv": 66.06, "instrument_name": "BTC-31MAR23-26000-C", "index_price": 27888.51, "direction": "buy", "amount": 33.0}, {"trade_seq": 4727, "trade_id": "247018582", "timestamp": 1679364809919, "tick_direction": 0, "price": 0.094, "mark_price": 0.08569919, "iv": 81.95, "instrument_name": "BTC-31MAR23-26000-C", "index_price": 27878.6, "direction": "buy", "amount": 0.4}, {"trade_seq": 4726, "trade_id": "247010404", "timestamp": 1679361028416, "tick_direction": 2, "price": 0.0858, "mark_price": 0.0854579, "iv": 67.12, "instrument_name": "BTC-31MAR23-26000-C", "index_price": 27877.6, "direction": "sell", "combo_id": "BTC-CS-31MAR23-26000_28500", "block_trade_id": "69342", "amount": 30.0}, {"trade_seq": 4725, "trade_id": "247008366", "timestamp": 1679359882057, "tick_direction": 0, "price": 0.0889, "mark_price": 0.08834137, "iv": 67.55, "instrument_name": "BTC-31MAR23-26000-C", "index_price": 27989.17, "direction": "sell", "combo_id": "BTC-CS-31MAR23-26000_28500", "block_trade_id": "69341", "amount": 30.0}, {"trade_seq": 4724, "trade_id": "247002172", "timestamp": 1679357392124, "tick_direction": 2, "price": 0.083, "mark_price": 0.08348542, "iv": 65.53, "instrument_name": "BTC-31MAR23-26000-C", "index_price": 27782.22, "direction": "buy", "amount": 0.1}, {"trade_seq": 4723, "trade_id": "246993494", "timestamp": 1679354764782, "tick_direction": 2, "price": 0.0865, "mark_price": 0.08654892, "iv": 66.79, "instrument_name": "BTC-31MAR23-26000-C", "index_price": 27894.87, "direction": "buy", "amount": 0.2}, {"trade_seq": 4722, "trade_id": "246985387", "timestamp": 1679351422263, "tick_direction": 2, "price": 0.089, "mark_price": 0.08942563, "iv": 66.47, "instrument_name": "BTC-31MAR23-26000-C", "index_price": 28002.03, "direction": "buy", "amount": 0.5}, {"trade_seq": 4721, "trade_id": "246965291", "timestamp": 1679343305564, "tick_direction": 0, "price": 0.0895, "mark_price": 0.08959049, "iv": 67.54, "instrument_name": "BTC-31MAR23-26000-C", "index_price": 27983.2, "direction": "sell", "amount": 1.0}, {"trade_seq": 4720, "trade_id": "246951195", "timestamp": 1679340285751, "tick_direction": 2, "price": 0.08, "mark_price": 0.08443562, "iv": 61.4, "instrument_name": "BTC-31MAR23-26000-C", "index_price": 27747.06, "direction": "sell", "amount": 1.0}, {"trade_seq": 4719, "trade_id": "246900087", "timestamp": 1679329005075, "tick_direction": 2, "price": 0.084, "mark_price": 0.08376629, "iv": 70.1, "instrument_name": "BTC-31MAR23-26000-C", "index_price": 27714.39, "direction": "sell", "amount": 1.0}, {"trade_seq": 4718, "trade_id": "246858305", "timestamp": 1679319507395, "tick_direction": 2, "price": 0.089, "mark_price": 0.09008513, "iv": 71.83, "instrument_name": "BTC-31MAR23-26000-C", "index_price": 27881.92, "direction": "buy", "amount": 1.0}, {"trade_seq": 4717, "trade_id": "246838654", "timestamp": 1679309910807, "tick_direction": 3, "price": 0.099, "mark_price": 0.09934901, "iv": 76.17, "instrument_name": "BTC-31MAR23-26000-C", "index_price": 28203.26, "direction": "buy", "amount": 0.1}, {"trade_seq": 4716, "trade_id": "246838529", "timestamp": 1679309801473, "tick_direction": 2, "price": 0.099, "mark_price": 0.099013, "iv": 76.81, "instrument_name": "BTC-31MAR23-26000-C", "index_price": 28190.91, "direction": "buy", "amount": 0.9}, {"trade_seq": 4715, "trade_id": "246812389", "timestamp": 1679303112572, "tick_direction": 2, "price": 0.106, "mark_price": 0.10669786, "iv": 74.98, "instrument_name": "BTC-31MAR23-26000-C", "index_price": 28515.36, "direction": "sell", "amount": 3.5}, {"trade_seq": 4714, "trade_id": "246812361", "timestamp": 1679303110995, "tick_direction": 1, "price": 0.107, "mark_price": 0.10679744, "iv": 76.67, "instrument_name": "BTC-31MAR23-26000-C", "index_price": 28520.85, "direction": "sell", "amount": 4.0}, {"trade_seq": 4713, "trade_id": "246812358", "timestamp": 1679303110841, "tick_direction": 1, "price": 0.107, "mark_price": 0.10695928, "iv": 76.67, "instrument_name": "BTC-31MAR23-26000-C", "index_price": 28520.85, "direction": "sell", "amount": 14.5}, {"trade_seq": 4712, "trade_id": "246812343", "timestamp": 1679303109550, "tick_direction": 0, "price": 0.107, "mark_price": 0.10708258, "iv": 76.16, "instrument_name": "BTC-31MAR23-26000-C", "index_price": 28531.4, "direction": "sell", "amount": 6.5}, {"trade_seq": 4711, "trade_id": "246806352", "timestamp": 1679301942265, "tick_direction": 3, "price": 0.1, "mark_price": 0.10004001, "iv": 74.64, "instrument_name": "BTC-31MAR23-26000-C", "index_price": 28275.23, "direction": "buy", "amount": 0.1}, {"trade_seq": 4710, "trade_id": "246806351", "timestamp": 1679301942208, "tick_direction": 2, "price": 0.1, "mark_price": 0.10004001, "iv": 74.64, "instrument_name": "BTC-31MAR23-26000-C", "index_price": 28275.23, "direction": "buy", "amount": 0.9}, {"trade_seq": 4709, "trade_id": "246803461", "timestamp": 1679301475198, "tick_direction": 0, "price": 0.1065, "mark_price": 0.10556616, "iv": 76.75, "instrument_name": "BTC-31MAR23-26000-C", "index_price": 28508.62, "direction": "buy", "amount": 0.2}, {"trade_seq": 4708, "trade_id": "246788606", "timestamp": 1679299132081, "tick_direction": 0, "price": 0.0992, "mark_price": 0.0991074, "iv": 72.52, "instrument_name": "BTC-31MAR23-26000-C", "index_price": 28284.43, "direction": "sell", "combo_id": "BTC-CS-31MAR23-26000_28000", "block_trade_id": "69140", "amount": 20.0}, {"trade_seq": 4707, "trade_id": "246769456", "timestamp": 1679296371654, "tick_direction": 0, "price": 0.0918, "mark_price": 0.09117774, "iv": 71.76, "instrument_name": "BTC-31MAR23-26000-C", "index_price": 27966.65, "direction": "sell", "combo_id": "BTC-CS-31MAR23-26000_28000", "block_trade_id": "69126", "amount": 20.0}, {"trade_seq": 4706, "trade_id": "246765929", "timestamp": 1679295791992, "tick_direction": 2, "price": 0.0868, "mark_price": 0.08700017, "iv": 70.05, "instrument_name": "BTC-31MAR23-26000-C", "index_price": 27809.18, "direction": "sell", "combo_id": "BTC-CS-31MAR23-26000_27500", "block_trade_id": "69125", "amount": 30.0}, {"trade_seq": 4705, "trade_id": "246669258", "timestamp": 1679269843057, "tick_direction": 2, "price": 0.098, "mark_price": 0.09847927, "iv": 73.62, "instrument_name": "BTC-31MAR23-26000-C", "index_price": 28156.73, "direction": "buy", "amount": 0.1}, {"trade_seq": 4704, "trade_id": "246666324", "timestamp": 1679268614808, "tick_direction": 1, "price": 0.1025, "mark_price": 0.10264693, "iv": 74.16, "instrument_name": "BTC-31MAR23-26000-C", "index_price": 28326.58, "direction": "buy", "amount": 0.1}, {"trade_seq": 4703, "trade_id": "246666072", "timestamp": 1679268509672, "tick_direction": 0, "price": 0.1025, "mark_price": 0.10238605, "iv": 74.51, "instrument_name": "BTC-31MAR23-26000-C", "index_price": 28320.57, "direction": "buy", "amount": 0.1}, {"trade_seq": 4702, "trade_id": "246629336", "timestamp": 1679258335253, "tick_direction": 3, "price": 0.093, "mark_price": 0.09272512, "iv": 74.95, "instrument_name": "BTC-31MAR23-26000-C", "index_price": 27904.81, "direction": "buy", "amount": 0.1}, {"trade_seq": 4701, "trade_id": "246629335", "timestamp": 1679258335234, "tick_direction": 3, "price": 0.093, "mark_price": 0.09272512, "iv": 74.95, "instrument_name": "BTC-31MAR23-26000-C", "index_price": 27904.81, "direction": "buy", "amount": 0.1}, {"trade_seq": 4700, "trade_id": "246629333", "timestamp": 1679258335148, "tick_direction": 2, "price": 0.093, "mark_price": 0.09272512, "iv": 74.95, "instrument_name": "BTC-31MAR23-26000-C", "index_price": 27904.81, "direction": "buy", "amount": 0.3}, {"trade_seq": 4699, "trade_id": "246617922", "timestamp": 1679256484644, "tick_direction": 0, "price": 0.105, "mark_price": 0.10495871, "iv": 75.57, "instrument_name": "BTC-31MAR23-26000-C", "index_price": 28376.01, "direction": "sell", "amount": 0.5}, {"trade_seq": 4698, "trade_id": "246615808", "timestamp": 1679255783576, "tick_direction": 0, "price": 0.104, "mark_price": 0.10375695, "iv": 76.26, "instrument_name": "BTC-31MAR23-26000-C", "index_price": 28339.2, "direction": "sell", "amount": 1.0}, {"trade_seq": 4697, "trade_id": "246580156", "timestamp": 1679247596982, "tick_direction": 2, "price": 0.095, "mark_price": 0.09665338, "iv": 71.44, "instrument_name": "BTC-31MAR23-26000-C", "index_price": 28075.71, "direction": "buy", "amount": 0.1}, {"trade_seq": 4696, "trade_id": "246576919", "timestamp": 1679246528506, "tick_direction": 2, "price": 0.0955, "mark_price": 0.09603817, "iv": 73.19, "instrument_name": "BTC-31MAR23-26000-C", "index_price": 28035.27, "direction": "buy", "amount": 1.0}, {"trade_seq": 4695, "trade_id": "246560608", "timestamp": 1679244534694, "tick_direction": 0, "price": 0.1, "mark_price": 0.09971965, "iv": 73.46, "instrument_name": "BTC-31MAR23-26000-C", "index_price": 28207.24, "direction": "buy", "amount": 0.1}, {"trade_seq": 4694, "trade_id": "246535731", "timestamp": 1679241456583, "tick_direction": 1, "price": 0.0895, "mark_price": 0.08876473, "iv": 71.35, "instrument_name": "BTC-31MAR23-26000-C", "index_price": 27821.23, "direction": "buy", "amount": 1.0}, {"trade_seq": 4693, "trade_id": "246535650", "timestamp": 1679241456376, "tick_direction": 1, "price": 0.0895, "mark_price": 0.08876473, "iv": 71.35, "instrument_name": "BTC-31MAR23-26000-C", "index_price": 27821.23, "direction": "buy", "amount": 0.4}, {"trade_seq": 4692, "trade_id": "246535649", "timestamp": 1679241456374, "tick_direction": 1, "price": 0.0895, "mark_price": 0.08876473, "iv": 71.35, "instrument_name": "BTC-31MAR23-26000-C", "index_price": 27821.23, "direction": "buy", "amount": 0.4}, {"trade_seq": 4691, "trade_id": "246535648", "timestamp": 1679241456374, "tick_direction": 1, "price": 0.0895, "mark_price": 0.08876473, "iv": 71.35, "instrument_name": "BTC-31MAR23-26000-C", "index_price": 27821.23, "direction": "buy", "amount": 0.1}, {"trade_seq": 4690, "trade_id": "246535647", "timestamp": 1679241456369, "tick_direction": 0, "price": 0.0895, "mark_price": 0.08876473, "iv": 71.35, "instrument_name": "BTC-31MAR23-26000-C", "index_price": 27821.23, "direction": "buy", "amount": 0.9}, {"trade_seq": 4689, "trade_id": "246443116", "timestamp": 1679196710449, "tick_direction": 2, "price": 0.0725, "mark_price": 0.072627, "iv": 66.41, "instrument_name": "BTC-31MAR23-26000-C", "index_price": 27159.72, "direction": "sell", "amount": 0.1}, {"trade_seq": 4688, "trade_id": "246313891", "timestamp": 1679139318630, "tick_direction": 3, "price": 0.08, "mark_price": 0.08000263, "iv": 66.61, "instrument_name": "BTC-31MAR23-26000-C", "index_price": 27436.12, "direction": "sell", "amount": 0.1}, {"trade_seq": 4687, "trade_id": "246313890", "timestamp": 1679139318628, "tick_direction": 3, "price": 0.08, "mark_price": 0.08000263, "iv": 66.61, "instrument_name": "BTC-31MAR23-26000-C", "index_price": 27436.12, "direction": "sell", "amount": 0.1}, {"trade_seq": 4686, "trade_id": "246313889", "timestamp": 1679139318625, "tick_direction": 2, "price": 0.08, "mark_price": 0.08000263, "iv": 66.61, "instrument_name": "BTC-31MAR23-26000-C", "index_price": 27436.12, "direction": "sell", "amount": 0.8}, {"trade_seq": 4685, "trade_id": "246312738", "timestamp": 1679138402135, "tick_direction": 2, "price": 0.0819, "mark_price": 0.08153566, "iv": 67.26, "instrument_name": "BTC-31MAR23-26000-C", "index_price": 27499.7, "direction": "sell", "combo_id": "BTC-CS-31MAR23-26000_27500", "block_trade_id": "69038", "amount": 30.0}, {"trade_seq": 4684, "trade_id": "246312398", "timestamp": 1679137960905, "tick_direction": 1, "price": 0.082, "mark_price": 0.08182215, "iv": 67.13, "instrument_name": "BTC-31MAR23-26000-C", "index_price": 27498.05, "direction": "sell", "amount": 0.2}, {"trade_seq": 4683, "trade_id": "246311910", "timestamp": 1679137402872, "tick_direction": 0, "price": 0.082, "mark_price": 0.08194407, "iv": 66.9, "instrument_name": "BTC-31MAR23-26000-C", "index_price": 27503.19, "direction": "sell", "amount": 0.8}, {"trade_seq": 4682, "trade_id": "246307785", "timestamp": 1679134195647, "tick_direction": 0, "price": 0.081, "mark_price": 0.08072759, "iv": 66.33, "instrument_name": "BTC-31MAR23-26000-C", "index_price": 27473.83, "direction": "sell", "amount": 0.1}, {"trade_seq": 4681, "trade_id": "246281797", "timestamp": 1679125933132, "tick_direction": 2, "price": 0.0805, "mark_price": 0.0804394, "iv": 66.98, "instrument_name": "BTC-31MAR23-26000-C", "index_price": 27446.67, "direction": "sell", "amount": 1.0}, {"trade_seq": 4680, "trade_id": "246280157", "timestamp": 1679125637058, "tick_direction": 2, "price": 0.081, "mark_price": 0.08113913, "iv": 66.54, "instrument_name": "BTC-31MAR23-26000-C", "index_price": 27476.66, "direction": "sell", "amount": 1.0}, {"trade_seq": 4679, "trade_id": "246269071", "timestamp": 1679120492387, "tick_direction": 1, "price": 0.0835, "mark_price": 0.08335278, "iv": 65.38, "instrument_name": "BTC-31MAR23-26000-C", "index_price": 27592.56, "direction": "sell", "amount": 0.3}, {"trade_seq": 4678, "trade_id": "246269070", "timestamp": 1679120491984, "tick_direction": 1, "price": 0.0835, "mark_price": 0.08337735, "iv": 65.32, "instrument_name": "BTC-31MAR23-26000-C", "index_price": 27593.36, "direction": "sell", "amount": 0.8}, {"trade_seq": 4677, "trade_id": "246269069", "timestamp": 1679120491605, "tick_direction": 1, "price": 0.0835, "mark_price": 0.08337735, "iv": 65.32, "instrument_name": "BTC-31MAR23-26000-C", "index_price": 27593.36, "direction": "sell", "amount": 0.8}, {"trade_seq": 4676, "trade_id": "246269068", "timestamp": 1679120488275, "tick_direction": 0, "price": 0.0835, "mark_price": 0.08334345, "iv": 65.37, "instrument_name": "BTC-31MAR23-26000-C", "index_price": 27592.99, "direction": "sell", "amount": 3.1}, {"trade_seq": 4675, "trade_id": "246264153", "timestamp": 1679118392299, "tick_direction": 2, "price": 0.082, "mark_price": 0.0820263, "iv": 65.06, "instrument_name": "BTC-31MAR23-26000-C", "index_price": 27546.94, "direction": "sell", "amount": 1.0}, {"trade_seq": 4674, "trade_id": "246168727", "timestamp": 1679094002430, "tick_direction": 0, "price": 0.0875, "mark_price": 0.087149, "iv": 69.99, "instrument_name": "BTC-31MAR23-26000-C", "index_price": 27604.71, "direction": "sell", "amount": 0.2}, {"trade_seq": 4673, "trade_id": "246144520", "timestamp": 1679092152772, "tick_direction": 1, "price": 0.083, "mark_price": 0.08229399, "iv": 68.34, "instrument_name": "BTC-31MAR23-26000-C", "index_price": 27447.92, "direction": "buy", "amount": 2.4}, {"trade_seq": 4672, "trade_id": "246144518", "timestamp": 1679092151765, "tick_direction": 1, "price": 0.083, "mark_price": 0.08213771, "iv": 68.47, "instrument_name": "BTC-31MAR23-26000-C", "index_price": 27439.97, "direction": "buy", "amount": 1.5}, {"trade_seq": 4671, "trade_id": "246144478", "timestamp": 1679092150772, "tick_direction": 1, "price": 0.083, "mark_price": 0.08212736, "iv": 68.68, "instrument_name": "BTC-31MAR23-26000-C", "index_price": 27436.13, "direction": "buy", "amount": 0.1}, {"trade_seq": 4670, "trade_id": "246144476", "timestamp": 1679092150768, "tick_direction": 1, "price": 0.083, "mark_price": 0.08212736, "iv": 68.68, "instrument_name": "BTC-31MAR23-26000-C", "index_price": 27436.13, "direction": "buy", "amount": 0.1}, {"trade_seq": 4669, "trade_id": "246144474", "timestamp": 1679092150763, "tick_direction": 0, "price": 0.083, "mark_price": 0.08212736, "iv": 68.68, "instrument_name": "BTC-31MAR23-26000-C", "index_price": 27436.13, "direction": "buy", "amount": 0.9}, {"trade_seq": 4668, "trade_id": "246143311", "timestamp": 1679092068775, "tick_direction": 2, "price": 0.0765, "mark_price": 0.08138338, "iv": 59.19, "instrument_name": "BTC-31MAR23-26000-C", "index_price": 27427.71, "direction": "sell", "combo_id": "BTC-CS-31MAR23-26000_27500", "block_trade_id": "69015", "amount": 20.0}, {"trade_seq": 4667, "trade_id": "246135219", "timestamp": 1679091149553, "tick_direction": 2, "price": 0.0774, "mark_price": 0.07780278, "iv": 66.28, "instrument_name": "BTC-31MAR23-26000-C", "index_price": 27254.87, "direction": "sell", "combo_id": "BTC-CS-31MAR23-26000_27500", "block_trade_id": "69012", "amount": 20.0}, {"trade_seq": 4666, "trade_id": "246132121", "timestamp": 1679090875853, "tick_direction": 0, "price": 0.08, "mark_price": 0.07899106, "iv": 68.12, "instrument_name": "BTC-31MAR23-26000-C", "index_price": 27331.77, "direction": "buy", "amount": 0.1}, {"trade_seq": 4665, "trade_id": "246129134", "timestamp": 1679090593517, "tick_direction": 0, "price": 0.0763, "mark_price": 0.07526224, "iv": 67.87, "instrument_name": "BTC-31MAR23-26000-C", "index_price": 27154.95, "direction": "sell", "combo_id": "BTC-CS-31MAR23-26000_27500", "block_trade_id": "69010", "amount": 30.0}, {"trade_seq": 4664, "trade_id": "246073790", "timestamp": 1679079327468, "tick_direction": 0, "price": 0.0627, "mark_price": 0.06117479, "iv": 64.72, "instrument_name": "BTC-31MAR23-26000-C", "index_price": 26610.35, "direction": "buy", "block_trade_id": "68984", "amount": 100.0}, {"trade_seq": 4663, "trade_id": "246045199", "timestamp": 1679071696493, "tick_direction": 0, "price": 0.0585, "mark_price": 0.05773017, "iv": 63.22, "instrument_name": "BTC-31MAR23-26000-C", "index_price": 26475.63, "direction": "buy", "amount": 0.2}, {"trade_seq": 4662, "trade_id": "246034332", "timestamp": 1679068428260, "tick_direction": 0, "price": 0.0575, "mark_price": 0.05750237, "iv": 62.19, "instrument_name": "BTC-31MAR23-26000-C", "index_price": 26463.24, "direction": "sell", "amount": 1.1}, {"trade_seq": 4661, "trade_id": "246034025", "timestamp": 1679068296244, "tick_direction": 0, "price": 0.057, "mark_price": 0.05739222, "iv": 61.78, "instrument_name": "BTC-31MAR23-26000-C", "index_price": 26447.36, "direction": "sell", "amount": 0.1}, {"trade_seq": 4660, "trade_id": "246023465", "timestamp": 1679065773009, "tick_direction": 1, "price": 0.0555, "mark_price": 0.05606432, "iv": 61.28, "instrument_name": "BTC-31MAR23-26000-C", "index_price": 26398.44, "direction": "sell", "amount": 0.1}, {"trade_seq": 4659, "trade_id": "246023464", "timestamp": 1679065773006, "tick_direction": 1, "price": 0.0555, "mark_price": 0.05606432, "iv": 61.28, "instrument_name": "BTC-31MAR23-26000-C", "index_price": 26398.44, "direction": "sell", "amount": 0.1}, {"trade_seq": 4658, "trade_id": "246023461", "timestamp": 1679065773003, "tick_direction": 1, "price": 0.0555, "mark_price": 0.05606432, "iv": 61.28, "instrument_name": "BTC-31MAR23-26000-C", "index_price": 26398.44, "direction": "sell", "amount": 1.2}, {"trade_seq": 4657, "trade_id": "246023331", "timestamp": 1679065767447, "tick_direction": 1, "price": 0.0555, "mark_price": 0.05602815, "iv": 61.29, "instrument_name": "BTC-31MAR23-26000-C", "index_price": 26399.7, "direction": "sell", "amount": 0.2}, {"trade_seq": 4656, "trade_id": "246023313", "timestamp": 1679065767379, "tick_direction": 0, "price": 0.0555, "mark_price": 0.05602815, "iv": 61.29, "instrument_name": "BTC-31MAR23-26000-C", "index_price": 26399.7, "direction": "sell", "amount": 1.3}, {"trade_seq": 4655, "trade_id": "246016902", "timestamp": 1679064465230, "tick_direction": 0, "price": 0.054, "mark_price": 0.05447536, "iv": 63.83, "instrument_name": "BTC-31MAR23-26000-C", "index_price": 26232.44, "direction": "buy", "amount": 5.0}, {"trade_seq": 4654, "trade_id": "246016347", "timestamp": 1679064384203, "tick_direction": 3, "price": 0.0535, "mark_price": 0.0548315, "iv": 63.17, "instrument_name": "BTC-31MAR23-26000-C", "index_price": 26227.33, "direction": "sell", "amount": 0.1}, {"trade_seq": 4653, "trade_id": "246016346", "timestamp": 1679064384203, "tick_direction": 2, "price": 0.0535, "mark_price": 0.0548315, "iv": 63.17, "instrument_name": "BTC-31MAR23-26000-C", "index_price": 26227.33, "direction": "sell", "amount": 6.9}, {"trade_seq": 4652, "trade_id": "246016345", "timestamp": 1679064384203, "tick_direction": 2, "price": 0.054, "mark_price": 0.0548315, "iv": 63.82, "instrument_name": "BTC-31MAR23-26000-C", "index_price": 26227.33, "direction": "sell", "amount": 19.0}, {"trade_seq": 4651, "trade_id": "246011950", "timestamp": 1679064031225, "tick_direction": 2, "price": 0.0575, "mark_price": 0.05783311, "iv": 65.86, "instrument_name": "BTC-31MAR23-26000-C", "index_price": 26331.56, "direction": "buy", "amount": 5.0}, {"trade_seq": 4650, "trade_id": "245997499", "timestamp": 1679061459675, "tick_direction": 2, "price": 0.0625, "mark_price": 0.06228623, "iv": 67.83, "instrument_name": "BTC-31MAR23-26000-C", "index_price": 26500.9, "direction": "sell", "amount": 0.2}, {"trade_seq": 4649, "trade_id": "245983024", "timestamp": 1679058176617, "tick_direction": 1, "price": 0.068, "mark_price": 0.06782403, "iv": 68.18, "instrument_name": "BTC-31MAR23-26000-C", "index_price": 26755.45, "direction": "sell", "amount": 0.2}, {"trade_seq": 4648, "trade_id": "245983023", "timestamp": 1679058176613, "tick_direction": 0, "price": 0.068, "mark_price": 0.06782403, "iv": 68.18, "instrument_name": "BTC-31MAR23-26000-C", "index_price": 26755.45, "direction": "sell", "amount": 0.8}, {"trade_seq": 4647, "trade_id": "245976646", "timestamp": 1679056926772, "tick_direction": 2, "price": 0.0645, "mark_price": 0.06512787, "iv": 67.64, "instrument_name": "BTC-31MAR23-26000-C", "index_price": 26622.11, "direction": "sell", "amount": 1.0}, {"trade_seq": 4646, "trade_id": "245967318", "timestamp": 1679055508825, "tick_direction": 2, "price": 0.066, "mark_price": 0.06640499, "iv": 67.69, "instrument_name": "BTC-31MAR23-26000-C", "index_price": 26710.37, "direction": "sell", "amount": 0.5}, {"trade_seq": 4645, "trade_id": "245962382", "timestamp": 1679054696084, "tick_direction": 2, "price": 0.0695, "mark_price": 0.06989086, "iv": 67.24, "instrument_name": "BTC-31MAR23-26000-C", "index_price": 26888.28, "direction": "buy", "amount": 2.0}, {"trade_seq": 4644, "trade_id": "245960530", "timestamp": 1679054329217, "tick_direction": 0, "price": 0.0725, "mark_price": 0.07230318, "iv": 67.54, "instrument_name": "BTC-31MAR23-26000-C", "index_price": 27016.6, "direction": "buy", "amount": 5.0}, {"trade_seq": 4643, "trade_id": "245959190", "timestamp": 1679054158224, "tick_direction": 0, "price": 0.0705, "mark_price": 0.07063248, "iv": 67.07, "instrument_name": "BTC-31MAR23-26000-C", "index_price": 26942.54, "direction": "buy", "amount": 1.0}, {"trade_seq": 4642, "trade_id": "245955183", "timestamp": 1679053457136, "tick_direction": 1, "price": 0.07, "mark_price": 0.06978238, "iv": 67.35, "instrument_name": "BTC-31MAR23-26000-C", "index_price": 26908.15, "direction": "buy", "amount": 5.0}, {"trade_seq": 4641, "trade_id": "245955182", "timestamp": 1679053457136, "tick_direction": 1, "price": 0.07, "mark_price": 0.06978238, "iv": 67.35, "instrument_name": "BTC-31MAR23-26000-C", "index_price": 26908.15, "direction": "buy", "amount": 0.2}, {"trade_seq": 4640, "trade_id": "245955181", "timestamp": 1679053457136, "tick_direction": 1, "price": 0.07, "mark_price": 0.06978238, "iv": 67.35, "instrument_name": "BTC-31MAR23-26000-C", "index_price": 26908.15, "direction": "buy", "amount": 0.1}, {"trade_seq": 4639, "trade_id": "245955180", "timestamp": 1679053457136, "tick_direction": 0, "price": 0.07, "mark_price": 0.06978238, "iv": 67.35, "instrument_name": "BTC-31MAR23-26000-C", "index_price": 26908.15, "direction": "buy", "amount": 1.0}, {"trade_seq": 4638, "trade_id": "245946615", "timestamp": 1679051340704, "tick_direction": 1, "price": 0.068, "mark_price": 0.06818612, "iv": 67.08, "instrument_name": "BTC-31MAR23-26000-C", "index_price": 26824.6, "direction": "buy", "amount": 3.3}, {"trade_seq": 4637, "trade_id": "245946450", "timestamp": 1679051286536, "tick_direction": 1, "price": 0.068, "mark_price": 0.06818412, "iv": 67.14, "instrument_name": "BTC-31MAR23-26000-C", "index_price": 26819.58, "direction": "buy", "amount": 0.1}, {"trade_seq": 4636, "trade_id": "245946436", "timestamp": 1679051280500, "tick_direction": 1, "price": 0.068, "mark_price": 0.06810026, "iv": 67.25, "instrument_name": "BTC-31MAR23-26000-C", "index_price": 26818.64, "direction": "buy", "amount": 0.1}, {"trade_seq": 4635, "trade_id": "245946392", "timestamp": 1679051262375, "tick_direction": 1, "price": 0.068, "mark_price": 0.06806632, "iv": 67.29, "instrument_name": "BTC-31MAR23-26000-C", "index_price": 26817.36, "direction": "buy", "amount": 0.2}, {"trade_seq": 4634, "trade_id": "245946391", "timestamp": 1679051262371, "tick_direction": 1, "price": 0.068, "mark_price": 0.06806632, "iv": 67.29, "instrument_name": "BTC-31MAR23-26000-C", "index_price": 26817.36, "direction": "buy", "amount": 1.0}, {"trade_seq": 4633, "trade_id": "245946370", "timestamp": 1679051251585, "tick_direction": 1, "price": 0.068, "mark_price": 0.06802225, "iv": 67.34, "instrument_name": "BTC-31MAR23-26000-C", "index_price": 26815.44, "direction": "buy", "amount": 0.1}, {"trade_seq": 4632, "trade_id": "245946364", "timestamp": 1679051250507, "tick_direction": 0, "price": 0.068, "mark_price": 0.06800854, "iv": 67.36, "instrument_name": "BTC-31MAR23-26000-C", "index_price": 26811.09, "direction": "buy", "amount": 0.2}, {"trade_seq": 4631, "trade_id": "245936744", "timestamp": 1679049695833, "tick_direction": 1, "price": 0.067, "mark_price": 0.06652772, "iv": 66.9, "instrument_name": "BTC-31MAR23-26000-C", "index_price": 26768.45, "direction": "buy", "amount": 1.0}, {"trade_seq": 4630, "trade_id": "245936736", "timestamp": 1679049695797, "tick_direction": 1, "price": 0.067, "mark_price": 0.06652772, "iv": 66.9, "instrument_name": "BTC-31MAR23-26000-C", "index_price": 26768.45, "direction": "buy", "amount": 1.5}, {"trade_seq": 4629, "trade_id": "245936717", "timestamp": 1679049695327, "tick_direction": 1, "price": 0.067, "mark_price": 0.06652573, "iv": 67.25, "instrument_name": "BTC-31MAR23-26000-C", "index_price": 26760.76, "direction": "buy", "amount": 1.1}, {"trade_seq": 4628, "trade_id": "245935822", "timestamp": 1679049634931, "tick_direction": 0, "price": 0.067, "mark_price": 0.0670561, "iv": 66.75, "instrument_name": "BTC-31MAR23-26000-C", "index_price": 26756.98, "direction": "buy", "amount": 1.4}, {"trade_seq": 4627, "trade_id": "245930193", "timestamp": 1679048994194, "tick_direction": 2, "price": 0.063, "mark_price": 0.06308129, "iv": 65.87, "instrument_name": "BTC-31MAR23-26000-C", "index_price": 26600.83, "direction": "sell", "amount": 0.5}, {"trade_seq": 4626, "trade_id": "245927322", "timestamp": 1679048616128, "tick_direction": 1, "price": 0.0635, "mark_price": 0.06322524, "iv": 65.19, "instrument_name": "BTC-31MAR23-26000-C", "index_price": 26638.45, "direction": "buy", "amount": 0.2}, {"trade_seq": 4625, "trade_id": "245927318", "timestamp": 1679048616115, "tick_direction": 1, "price": 0.0635, "mark_price": 0.06322524, "iv": 65.19, "instrument_name": "BTC-31MAR23-26000-C", "index_price": 26638.45, "direction": "buy", "amount": 0.3}, {"trade_seq": 4624, "trade_id": "245927317", "timestamp": 1679048616111, "tick_direction": 1, "price": 0.0635, "mark_price": 0.06322524, "iv": 65.19, "instrument_name": "BTC-31MAR23-26000-C", "index_price": 26638.45, "direction": "buy", "amount": 0.3}, {"trade_seq": 4623, "trade_id": "245927304", "timestamp": 1679048615840, "tick_direction": 0, "price": 0.0635, "mark_price": 0.06322524, "iv": 65.52, "instrument_name": "BTC-31MAR23-26000-C", "index_price": 26638.45, "direction": "buy", "amount": 0.2}, {"trade_seq": 4622, "trade_id": "245925005", "timestamp": 1679048317363, "tick_direction": 2, "price": 0.059, "mark_price": 0.05880563, "iv": 65.21, "instrument_name": "BTC-31MAR23-26000-C", "index_price": 26432.49, "direction": "sell", "amount": 0.5}, {"trade_seq": 4621, "trade_id": "245921317", "timestamp": 1679047751157, "tick_direction": 1, "price": 0.06, "mark_price": 0.0599154, "iv": 64.41, "instrument_name": "BTC-31MAR23-26000-C", "index_price": 26514.3, "direction": "buy", "amount": 0.8}, {"trade_seq": 4620, "trade_id": "245921282", "timestamp": 1679047749726, "tick_direction": 1, "price": 0.06, "mark_price": 0.05987212, "iv": 64.59, "instrument_name": "BTC-31MAR23-26000-C", "index_price": 26502.5, "direction": "buy", "amount": 0.1}, {"trade_seq": 4619, "trade_id": "245921280", "timestamp": 1679047749722, "tick_direction": 1, "price": 0.06, "mark_price": 0.05987212, "iv": 64.59, "instrument_name": "BTC-31MAR23-26000-C", "index_price": 26502.5, "direction": "buy", "amount": 0.1}, {"trade_seq": 4618, "trade_id": "245921279", "timestamp": 1679047749719, "tick_direction": 1, "price": 0.06, "mark_price": 0.05987212, "iv": 64.59, "instrument_name": "BTC-31MAR23-26000-C", "index_price": 26502.5, "direction": "buy", "amount": 1.1}, {"trade_seq": 4617, "trade_id": "245920989", "timestamp": 1679047721906, "tick_direction": 1, "price": 0.06, "mark_price": 0.05959685, "iv": 64.92, "instrument_name": "BTC-31MAR23-26000-C", "index_price": 26497.36, "direction": "buy", "amount": 1.3}, {"trade_seq": 4616, "trade_id": "245920271", "timestamp": 1679047647809, "tick_direction": 1, "price": 0.06, "mark_price": 0.05953771, "iv": 65.1, "instrument_name": "BTC-31MAR23-26000-C", "index_price": 26491.61, "direction": "buy", "amount": 1.6}, {"trade_seq": 4615, "trade_id": "245920270", "timestamp": 1679047647809, "tick_direction": 1, "price": 0.06, "mark_price": 0.05953771, "iv": 65.1, "instrument_name": "BTC-31MAR23-26000-C", "index_price": 26491.61, "direction": "buy", "amount": 0.2}, {"trade_seq": 4614, "trade_id": "245920269", "timestamp": 1679047647809, "tick_direction": 0, "price": 0.06, "mark_price": 0.05953771, "iv": 65.1, "instrument_name": "BTC-31MAR23-26000-C", "index_price": 26491.61, "direction": "buy", "amount": 0.1}, {"trade_seq": 4613, "trade_id": "245920013", "timestamp": 1679047625656, "tick_direction": 1, "price": 0.059, "mark_price": 0.05882962, "iv": 64.7, "instrument_name": "BTC-31MAR23-26000-C", "index_price": 26453.48, "direction": "buy", "amount": 0.1}, {"trade_seq": 4612, "trade_id": "245920004", "timestamp": 1679047624934, "tick_direction": 0, "price": 0.059, "mark_price": 0.0586365, "iv": 64.95, "instrument_name": "BTC-31MAR23-26000-C", "index_price": 26454.99, "direction": "buy", "amount": 4.9}, {"trade_seq": 4611, "trade_id": "245911852", "timestamp": 1679046168674, "tick_direction": 1, "price": 0.053, "mark_price": 0.05224344, "iv": 63.67, "instrument_name": "BTC-31MAR23-26000-C", "index_price": 26188.01, "direction": "sell", "amount": 0.2}, {"trade_seq": 4610, "trade_id": "245911851", "timestamp": 1679046168648, "tick_direction": 0, "price": 0.053, "mark_price": 0.05224344, "iv": 63.67, "instrument_name": "BTC-31MAR23-26000-C", "index_price": 26188.01, "direction": "buy", "amount": 4.0}, {"trade_seq": 4609, "trade_id": "245911837", "timestamp": 1679046167458, "tick_direction": 0, "price": 0.0525, "mark_price": 0.05225645, "iv": 63.04, "instrument_name": "BTC-31MAR23-26000-C", "index_price": 26185.63, "direction": "buy", "amount": 0.5}, {"trade_seq": 4608, "trade_id": "245911311", "timestamp": 1679045860521, "tick_direction": 0, "price": 0.052, "mark_price": 0.05177445, "iv": 62.95, "instrument_name": "BTC-31MAR23-26000-C", "index_price": 26168.78, "direction": "buy", "amount": 0.5}, {"trade_seq": 4607, "trade_id": "245911132", "timestamp": 1679045759458, "tick_direction": 3, "price": 0.0515, "mark_price": 0.05156326, "iv": 62.58, "instrument_name": "BTC-31MAR23-26000-C", "index_price": 26147.82, "direction": "buy", "amount": 0.1}, {"trade_seq": 4606, "trade_id": "245911119", "timestamp": 1679045746291, "tick_direction": 2, "price": 0.0515, "mark_price": 0.05145525, "iv": 62.69, "instrument_name": "BTC-31MAR23-26000-C", "index_price": 26143.48, "direction": "buy", "amount": 0.4}, {"trade_seq": 4605, "trade_id": "245910281", "timestamp": 1679045540325, "tick_direction": 0, "price": 0.053, "mark_price": 0.05311928, "iv": 62.41, "instrument_name": "BTC-31MAR23-26000-C", "index_price": 26231.53, "direction": "buy", "amount": 0.3}, {"trade_seq": 4604, "trade_id": "245909235", "timestamp": 1679045296438, "tick_direction": 2, "price": 0.05, "mark_price": 0.05028547, "iv": 62.33, "instrument_name": "BTC-31MAR23-26000-C", "index_price": 26073.83, "direction": "sell", "amount": 0.1}, {"trade_seq": 4603, "trade_id": "245906638", "timestamp": 1679043814080, "tick_direction": 0, "price": 0.0505, "mark_price": 0.0502314, "iv": 62.32, "instrument_name": "BTC-31MAR23-26000-C", "index_price": 26107.27, "direction": "buy", "amount": 0.5}, {"trade_seq": 4602, "trade_id": "245900869", "timestamp": 1679041827926, "tick_direction": 2, "price": 0.05, "mark_price": 0.0505998, "iv": 61.21, "instrument_name": "BTC-31MAR23-26000-C", "index_price": 26111.27, "direction": "sell", "amount": 12.5}, {"trade_seq": 4601, "trade_id": "245900217", "timestamp": 1679041598422, "tick_direction": 1, "price": 0.052, "mark_price": 0.05195959, "iv": 62.08, "instrument_name": "BTC-31MAR23-26000-C", "index_price": 26183.14, "direction": "sell", "amount": 6.1}, {"trade_seq": 4600, "trade_id": "245900212", "timestamp": 1679041598019, "tick_direction": 1, "price": 0.052, "mark_price": 0.05195959, "iv": 62.08, "instrument_name": "BTC-31MAR23-26000-C", "index_price": 26183.14, "direction": "sell", "amount": 0.2}, {"trade_seq": 4599, "trade_id": "245900211", "timestamp": 1679041598002, "tick_direction": 1, "price": 0.052, "mark_price": 0.05195959, "iv": 62.06, "instrument_name": "BTC-31MAR23-26000-C", "index_price": 26185.22, "direction": "sell", "amount": 0.2}, {"trade_seq": 4598, "trade_id": "245900210", "timestamp": 1679041597999, "tick_direction": 0, "price": 0.052, "mark_price": 0.05195959, "iv": 62.06, "instrument_name": "BTC-31MAR23-26000-C", "index_price": 26185.22, "direction": "sell", "amount": 1.0}, {"trade_seq": 4597, "trade_id": "245897789", "timestamp": 1679041062403, "tick_direction": 3, "price": 0.051, "mark_price": 0.05083688, "iv": 62.38, "instrument_name": "BTC-31MAR23-26000-C", "index_price": 26117.78, "direction": "sell", "amount": 0.3}, {"trade_seq": 4596, "trade_id": "245897785", "timestamp": 1679041062211, "tick_direction": 3, "price": 0.051, "mark_price": 0.05083688, "iv": 62.38, "instrument_name": "BTC-31MAR23-26000-C", "index_price": 26117.78, "direction": "sell", "amount": 1.2}, {"trade_seq": 4595, "trade_id": "245897777", "timestamp": 1679041061219, "tick_direction": 3, "price": 0.051, "mark_price": 0.05083696, "iv": 62.32, "instrument_name": "BTC-31MAR23-26000-C", "index_price": 26119.64, "direction": "sell", "amount": 0.3}, {"trade_seq": 4594, "trade_id": "245897776", "timestamp": 1679041061217, "tick_direction": 3, "price": 0.051, "mark_price": 0.05083696, "iv": 62.32, "instrument_name": "BTC-31MAR23-26000-C", "index_price": 26119.64, "direction": "sell", "amount": 1.2}, {"trade_seq": 4593, "trade_id": "245897774", "timestamp": 1679041060879, "tick_direction": 2, "price": 0.051, "mark_price": 0.05091894, "iv": 62.32, "instrument_name": "BTC-31MAR23-26000-C", "index_price": 26119.64, "direction": "buy", "amount": 2.0}, {"trade_seq": 4592, "trade_id": "245894453", "timestamp": 1679040418319, "tick_direction": 0, "price": 0.0525, "mark_price": 0.05215355, "iv": 62.11, "instrument_name": "BTC-31MAR23-26000-C", "index_price": 26203.34, "direction": "buy", "amount": 0.5}, {"trade_seq": 4591, "trade_id": "245857070", "timestamp": 1679038209861, "tick_direction": 2, "price": 0.0495, "mark_price": 0.05037337, "iv": 63.17, "instrument_name": "BTC-31MAR23-26000-C", "index_price": 26017.33, "direction": "sell", "amount": 0.5}, {"trade_seq": 4590, "trade_id": "245855556", "timestamp": 1679038030030, "tick_direction": 0, "price": 0.0505, "mark_price": 0.04999815, "iv": 65.2, "instrument_name": "BTC-31MAR23-26000-C", "index_price": 25988.31, "direction": "buy", "amount": 0.5}, {"trade_seq": 4589, "trade_id": "245853862", "timestamp": 1679037561790, "tick_direction": 2, "price": 0.0495, "mark_price": 0.04945808, "iv": 64.47, "instrument_name": "BTC-31MAR23-26000-C", "index_price": 25969.97, "direction": "buy", "amount": 1.0}, {"trade_seq": 4588, "trade_id": "245853291", "timestamp": 1679037493881, "tick_direction": 2, "price": 0.05, "mark_price": 0.05000882, "iv": 64.36, "instrument_name": "BTC-31MAR23-26000-C", "index_price": 26004.75, "direction": "buy", "amount": 4.3}, {"trade_seq": 4587, "trade_id": "245852997", "timestamp": 1679037450308, "tick_direction": 3, "price": 0.0505, "mark_price": 0.05061937, "iv": 64.26, "instrument_name": "BTC-31MAR23-26000-C", "index_price": 26022.12, "direction": "buy", "amount": 0.1}, {"trade_seq": 4586, "trade_id": "245852996", "timestamp": 1679037450272, "tick_direction": 3, "price": 0.0505, "mark_price": 0.05062578, "iv": 64.26, "instrument_name": "BTC-31MAR23-26000-C", "index_price": 26022.12, "direction": "buy", "amount": 1.0}, {"trade_seq": 4585, "trade_id": "245852989", "timestamp": 1679037448276, "tick_direction": 3, "price": 0.0505, "mark_price": 0.05056845, "iv": 64.4, "instrument_name": "BTC-31MAR23-26000-C", "index_price": 26018.67, "direction": "buy", "amount": 0.2}, {"trade_seq": 4584, "trade_id": "245852988", "timestamp": 1679037448272, "tick_direction": 3, "price": 0.0505, "mark_price": 0.05056845, "iv": 64.4, "instrument_name": "BTC-31MAR23-26000-C", "index_price": 26018.67, "direction": "buy", "amount": 0.9}, {"trade_seq": 4583, "trade_id": "245852987", "timestamp": 1679037448254, "tick_direction": 2, "price": 0.0505, "mark_price": 0.05056845, "iv": 64.4, "instrument_name": "BTC-31MAR23-26000-C", "index_price": 26018.67, "direction": "buy", "amount": 0.9}, {"trade_seq": 4582, "trade_id": "245852698", "timestamp": 1679037349055, "tick_direction": 3, "price": 0.052, "mark_price": 0.05189442, "iv": 64.64, "instrument_name": "BTC-31MAR23-26000-C", "index_price": 26091.22, "direction": "sell", "amount": 0.4}, {"trade_seq": 4581, "trade_id": "245852672", "timestamp": 1679037338127, "tick_direction": 3, "price": 0.052, "mark_price": 0.05177406, "iv": 64.75, "instrument_name": "BTC-31MAR23-26000-C", "index_price": 26085.06, "direction": "sell", "amount": 3.9}, {"trade_seq": 4580, "trade_id": "245852628", "timestamp": 1679037320161, "tick_direction": 3, "price": 0.052, "mark_price": 0.05152268, "iv": 65.07, "instrument_name": "BTC-31MAR23-26000-C", "index_price": 26072.69, "direction": "sell", "amount": 0.1}, {"trade_seq": 4579, "trade_id": "245852627", "timestamp": 1679037320158, "tick_direction": 3, "price": 0.052, "mark_price": 0.05152268, "iv": 65.07, "instrument_name": "BTC-31MAR23-26000-C", "index_price": 26072.69, "direction": "sell", "amount": 0.1}, {"trade_seq": 4578, "trade_id": "245852626", "timestamp": 1679037320154, "tick_direction": 3, "price": 0.052, "mark_price": 0.05152268, "iv": 65.07, "instrument_name": "BTC-31MAR23-26000-C", "index_price": 26072.69, "direction": "sell", "amount": 0.9}, {"trade_seq": 4577, "trade_id": "245852584", "timestamp": 1679037298317, "tick_direction": 3, "price": 0.052, "mark_price": 0.05152734, "iv": 65.01, "instrument_name": "BTC-31MAR23-26000-C", "index_price": 26076.12, "direction": "sell", "amount": 0.4}, {"trade_seq": 4576, "trade_id": "245850268", "timestamp": 1679036858845, "tick_direction": 2, "price": 0.052, "mark_price": 0.05179132, "iv": 64.84, "instrument_name": "BTC-31MAR23-26000-C", "index_price": 26076.41, "direction": "buy", "amount": 0.3}, {"trade_seq": 4575, "trade_id": "245846901", "timestamp": 1679036248080, "tick_direction": 3, "price": 0.0545, "mark_price": 0.0538852, "iv": 65.27, "instrument_name": "BTC-31MAR23-26000-C", "index_price": 26187.36, "direction": "sell", "amount": 1.0}, {"trade_seq": 4574, "trade_id": "245846900", "timestamp": 1679036248080, "tick_direction": 3, "price": 0.0545, "mark_price": 0.0538852, "iv": 65.27, "instrument_name": "BTC-31MAR23-26000-C", "index_price": 26187.36, "direction": "sell", "amount": 0.1}, {"trade_seq": 4573, "trade_id": "245846889", "timestamp": 1679036244949, "tick_direction": 2, "price": 0.0545, "mark_price": 0.05391496, "iv": 65.23, "instrument_name": "BTC-31MAR23-26000-C", "index_price": 26190.88, "direction": "sell", "amount": 0.9}, {"trade_seq": 4572, "trade_id": "245846653", "timestamp": 1679036209232, "tick_direction": 1, "price": 0.055, "mark_price": 0.05452341, "iv": 65.05, "instrument_name": "BTC-31MAR23-26000-C", "index_price": 26222.27, "direction": "sell", "amount": 1.0}, {"trade_seq": 4571, "trade_id": "245846652", "timestamp": 1679036209232, "tick_direction": 0, "price": 0.055, "mark_price": 0.05452341, "iv": 65.05, "instrument_name": "BTC-31MAR23-26000-C", "index_price": 26222.27, "direction": "sell", "amount": 1.0}, {"trade_seq": 4570, "trade_id": "245842845", "timestamp": 1679035720756, "tick_direction": 3, "price": 0.0525, "mark_price": 0.05173168, "iv": 64.46, "instrument_name": "BTC-31MAR23-26000-C", "index_price": 26111.94, "direction": "sell", "amount": 0.9}, {"trade_seq": 4569, "trade_id": "245842835", "timestamp": 1679035718246, "tick_direction": 2, "price": 0.0525, "mark_price": 0.05189273, "iv": 64.34, "instrument_name": "BTC-31MAR23-26000-C", "index_price": 26116.23, "direction": "sell", "amount": 1.1}