{"trades": [{"trade_seq": 5630, "trade_id": "249092465", "timestamp": 1680224662178, "tick_direction": 1, "price": 0.1875, "mark_price": 0.18756422, "iv": 304.87, "instrument_name": "BTC-31MAR23-23000-C", "index_price": 28301.87, "direction": "sell", "amount": 0.3}, {"trade_seq": 5629, "trade_id": "249092464", "timestamp": 1680224662174, "tick_direction": 0, "price": 0.1875, "mark_price": 0.18756422, "iv": 304.87, "instrument_name": "BTC-31MAR23-23000-C", "index_price": 28301.87, "direction": "sell", "amount": 1.2}, {"trade_seq": 5628, "trade_id": "249081954", "timestamp": 1680218605068, "tick_direction": 2, "price": 0.1785, "mark_price": 0.17845318, "iv": 228.58, "instrument_name": "BTC-31MAR23-23000-C", "index_price": 27995.49, "direction": "sell", "amount": 1.0}, {"trade_seq": 5627, "trade_id": "248980032", "timestamp": 1680185088285, "tick_direction": 3, "price": 0.1925, "mark_price": 0.19247333, "iv": 158.33, "instrument_name": "BTC-31MAR23-23000-C", "index_price": 28489.72, "direction": "sell", "amount": 1.0}, {"trade_seq": 5626, "trade_id": "248980024", "timestamp": 1680185087917, "tick_direction": 2, "price": 0.1925, "mark_price": 0.19247333, "iv": 158.33, "instrument_name": "BTC-31MAR23-23000-C", "index_price": 28489.72, "direction": "sell", "amount": 1.0}, {"trade_seq": 5625, "trade_id": "248976156", "timestamp": 1680184328488, "tick_direction": 2, "price": 0.193, "mark_price": 0.1932989, "iv": 0.0, "instrument_name": "BTC-31MAR23-23000-C", "index_price": 28527.65, "direction": "sell", "amount": 2.5}, {"trade_seq": 5624, "trade_id": "248966515", "timestamp": 1680179414972, "tick_direction": 0, "price": 0.196, "mark_price": 0.19573121, "iv": 197.09, "instrument_name": "BTC-31MAR23-23000-C", "index_price": 28635.23, "direction": "buy", "amount": 1.0}, {"trade_seq": 5623, "trade_id": "248928554", "timestamp": 1680167647693, "tick_direction": 1, "price": 0.195, "mark_price": 0.194843, "iv": 170.01, "instrument_name": "BTC-31MAR23-23000-C", "index_price": 28549.56, "direction": "sell", "amount": 1.0}, {"trade_seq": 5622, "trade_id": "248892308", "timestamp": 1680149568814, "tick_direction": 0, "price": 0.195, "mark_price": 0.1951675, "iv": 0.0, "instrument_name": "BTC-31MAR23-23000-C", "index_price": 28550.24, "direction": "buy", "amount": 3.5}, {"trade_seq": 5621, "trade_id": "248805633", "timestamp": 1680115317178, "tick_direction": 0, "price": 0.1882, "mark_price": 0.1875357, "iv": 156.89, "instrument_name": "BTC-31MAR23-23000-C", "index_price": 28295.59, "direction": "buy", "block_trade_id": "70510", "amount": 62.0}, {"trade_seq": 5620, "trade_id": "248805510", "timestamp": 1680115183731, "tick_direction": 0, "price": 0.188, "mark_price": 0.18731309, "iv": 157.09, "instrument_name": "BTC-31MAR23-23000-C", "index_price": 28286.96, "direction": "buy", "block_trade_id": "70509", "amount": 225.0}, {"trade_seq": 5619, "trade_id": "248575018", "timestamp": 1679993946573, "tick_direction": 0, "price": 0.15, "mark_price": 0.14966276, "iv": 98.93, "instrument_name": "BTC-31MAR23-23000-C", "index_price": 27017.63, "direction": "sell", "amount": 1.1}, {"trade_seq": 5618, "trade_id": "248571394", "timestamp": 1679991095785, "tick_direction": 0, "price": 0.149, "mark_price": 0.14832022, "iv": 104.83, "instrument_name": "BTC-31MAR23-23000-C", "index_price": 26986.04, "direction": "sell", "amount": 1.0}, {"trade_seq": 5617, "trade_id": "248570937", "timestamp": 1679990873250, "tick_direction": 2, "price": 0.1485, "mark_price": 0.14811105, "iv": 100.94, "instrument_name": "BTC-31MAR23-23000-C", "index_price": 26979.11, "direction": "sell", "amount": 1.0}, {"trade_seq": 5616, "trade_id": "248387390", "timestamp": 1679904971258, "tick_direction": 3, "price": 0.175, "mark_price": 0.17414748, "iv": 103.92, "instrument_name": "BTC-31MAR23-23000-C", "index_price": 27809.49, "direction": "sell", "amount": 1.0}, {"trade_seq": 5615, "trade_id": "248287927", "timestamp": 1679849380344, "tick_direction": 2, "price": 0.175, "mark_price": 0.17522949, "iv": 79.75, "instrument_name": "BTC-31MAR23-23000-C", "index_price": 27828.63, "direction": "buy", "amount": 3.5}, {"trade_seq": 5614, "trade_id": "247990898", "timestamp": 1679659866199, "tick_direction": 3, "price": 0.1765, "mark_price": 0.17649414, "iv": 80.9, "instrument_name": "BTC-31MAR23-23000-C", "index_price": 27847.97, "direction": "sell", "amount": 0.5}, {"trade_seq": 5613, "trade_id": "247990897", "timestamp": 1679659865875, "tick_direction": 3, "price": 0.1765, "mark_price": 0.17649414, "iv": 80.13, "instrument_name": "BTC-31MAR23-23000-C", "index_price": 27848.45, "direction": "sell", "amount": 1.0}, {"trade_seq": 5612, "trade_id": "247978746", "timestamp": 1679658392591, "tick_direction": 2, "price": 0.1765, "mark_price": 0.17844273, "iv": 0.0, "instrument_name": "BTC-31MAR23-23000-C", "index_price": 27938.61, "direction": "sell", "amount": 1.5}, {"trade_seq": 5611, "trade_id": "247977747", "timestamp": 1679658301458, "tick_direction": 0, "price": 0.182, "mark_price": 0.18209539, "iv": 78.27, "instrument_name": "BTC-31MAR23-23000-C", "index_price": 28061.37, "direction": "sell", "amount": 1.0}, {"trade_seq": 5610, "trade_id": "247706808", "timestamp": 1679577315118, "tick_direction": 2, "price": 0.166, "mark_price": 0.16631702, "iv": 73.2, "instrument_name": "BTC-31MAR23-23000-C", "index_price": 27487.78, "direction": "sell", "amount": 0.1}, {"trade_seq": 5609, "trade_id": "247368045", "timestamp": 1679503900795, "tick_direction": 1, "price": 0.203, "mark_price": 0.20322744, "iv": 87.9, "instrument_name": "BTC-31MAR23-23000-C", "index_price": 28737.32, "direction": "buy", "amount": 4.5}, {"trade_seq": 5608, "trade_id": "247368042", "timestamp": 1679503899953, "tick_direction": 1, "price": 0.203, "mark_price": 0.20322744, "iv": 87.9, "instrument_name": "BTC-31MAR23-23000-C", "index_price": 28737.32, "direction": "buy", "amount": 0.1}, {"trade_seq": 5607, "trade_id": "247368040", "timestamp": 1679503898864, "tick_direction": 0, "price": 0.203, "mark_price": 0.20316203, "iv": 88.08, "instrument_name": "BTC-31MAR23-23000-C", "index_price": 28736.72, "direction": "buy", "amount": 0.4}, {"trade_seq": 5606, "trade_id": "247257520", "timestamp": 1679454932064, "tick_direction": 0, "price": 0.19, "mark_price": 0.1897657, "iv": 85.04, "instrument_name": "BTC-31MAR23-23000-C", "index_price": 28254.62, "direction": "buy", "amount": 1.0}, {"trade_seq": 5605, "trade_id": "247083671", "timestamp": 1679391163714, "tick_direction": 2, "price": 0.175, "mark_price": 0.17498023, "iv": 78.05, "instrument_name": "BTC-31MAR23-23000-C", "index_price": 27746.18, "direction": "sell", "amount": 0.1}, {"trade_seq": 5604, "trade_id": "247040067", "timestamp": 1679377938985, "tick_direction": 2, "price": 0.179, "mark_price": 0.17904579, "iv": 78.66, "instrument_name": "BTC-31MAR23-23000-C", "index_price": 27873.01, "direction": "buy", "amount": 0.2}, {"trade_seq": 5603, "trade_id": "246811819", "timestamp": 1679303064787, "tick_direction": 0, "price": 0.2, "mark_price": 0.19927005, "iv": 91.5, "instrument_name": "BTC-31MAR23-23000-C", "index_price": 28541.57, "direction": "buy", "amount": 1.0}, {"trade_seq": 5602, "trade_id": "246586460", "timestamp": 1679249581614, "tick_direction": 0, "price": 0.186, "mark_price": 0.1851722, "iv": 88.16, "instrument_name": "BTC-31MAR23-23000-C", "index_price": 27969.8, "direction": "buy", "block_trade_id": "69080", "amount": 125.0}, {"trade_seq": 5601, "trade_id": "246328387", "timestamp": 1679146986636, "tick_direction": 2, "price": 0.1705, "mark_price": 0.17056774, "iv": 74.53, "instrument_name": "BTC-31MAR23-23000-C", "index_price": 27502.59, "direction": "buy", "amount": 1.0}, {"trade_seq": 5600, "trade_id": "246307222", "timestamp": 1679133778241, "tick_direction": 0, "price": 0.171, "mark_price": 0.17073961, "iv": 75.21, "instrument_name": "BTC-31MAR23-23000-C", "index_price": 27483.33, "direction": "sell", "amount": 0.1}, {"trade_seq": 5599, "trade_id": "246195547", "timestamp": 1679098341618, "tick_direction": 0, "price": 0.168, "mark_price": 0.16867444, "iv": 72.84, "instrument_name": "BTC-31MAR23-23000-C", "index_price": 27404.19, "direction": "sell", "amount": 0.1}, {"trade_seq": 5598, "trade_id": "246055807", "timestamp": 1679073863065, "tick_direction": 3, "price": 0.145, "mark_price": 0.14530273, "iv": 70.21, "instrument_name": "BTC-31MAR23-23000-C", "index_price": 26574.03, "direction": "sell", "amount": 0.4}, {"trade_seq": 5597, "trade_id": "246055806", "timestamp": 1679073862869, "tick_direction": 2, "price": 0.145, "mark_price": 0.14530273, "iv": 69.87, "instrument_name": "BTC-31MAR23-23000-C", "index_price": 26576.3, "direction": "sell", "amount": 1.6}, {"trade_seq": 5596, "trade_id": "245967091", "timestamp": 1679055455227, "tick_direction": 2, "price": 0.149, "mark_price": 0.14939431, "iv": 72.24, "instrument_name": "BTC-31MAR23-23000-C", "index_price": 26740.31, "direction": "buy", "amount": 1.0}, {"trade_seq": 5595, "trade_id": "245966378", "timestamp": 1679055307730, "tick_direction": 1, "price": 0.15, "mark_price": 0.1505267, "iv": 72.17, "instrument_name": "BTC-31MAR23-23000-C", "index_price": 26768.21, "direction": "buy", "amount": 0.7}, {"trade_seq": 5594, "trade_id": "245966368", "timestamp": 1679055305980, "tick_direction": 0, "price": 0.15, "mark_price": 0.1503146, "iv": 72.72, "instrument_name": "BTC-31MAR23-23000-C", "index_price": 26758.05, "direction": "buy", "amount": 0.3}, {"trade_seq": 5593, "trade_id": "245966365", "timestamp": 1679055305944, "tick_direction": 2, "price": 0.149, "mark_price": 0.1503146, "iv": 70.2, "instrument_name": "BTC-31MAR23-23000-C", "index_price": 26758.05, "direction": "buy", "amount": 1.0}, {"trade_seq": 5592, "trade_id": "245966021", "timestamp": 1679055242171, "tick_direction": 2, "price": 0.15, "mark_price": 0.15079427, "iv": 71.73, "instrument_name": "BTC-31MAR23-23000-C", "index_price": 26769.11, "direction": "buy", "amount": 1.0}, {"trade_seq": 5591, "trade_id": "245965772", "timestamp": 1679055175764, "tick_direction": 0, "price": 0.151, "mark_price": 0.15160652, "iv": 72.47, "instrument_name": "BTC-31MAR23-23000-C", "index_price": 26798.14, "direction": "buy", "amount": 1.0}, {"trade_seq": 5590, "trade_id": "245965214", "timestamp": 1679055050935, "tick_direction": 1, "price": 0.15, "mark_price": 0.15149261, "iv": 70.02, "instrument_name": "BTC-31MAR23-23000-C", "index_price": 26782.71, "direction": "buy", "amount": 4.0}, {"trade_seq": 5589, "trade_id": "245964555", "timestamp": 1679054964107, "tick_direction": 0, "price": 0.15, "mark_price": 0.1511225, "iv": 70.64, "instrument_name": "BTC-31MAR23-23000-C", "index_price": 26777.52, "direction": "buy", "amount": 1.0}, {"trade_seq": 5588, "trade_id": "245908782", "timestamp": 1679045010277, "tick_direction": 3, "price": 0.129, "mark_price": 0.12915255, "iv": 66.14, "instrument_name": "BTC-31MAR23-23000-C", "index_price": 26086.08, "direction": "buy", "amount": 0.1}, {"trade_seq": 5587, "trade_id": "245908781", "timestamp": 1679045010275, "tick_direction": 3, "price": 0.129, "mark_price": 0.12915255, "iv": 66.14, "instrument_name": "BTC-31MAR23-23000-C", "index_price": 26086.08, "direction": "buy", "amount": 1.5}, {"trade_seq": 5586, "trade_id": "245908374", "timestamp": 1679044657596, "tick_direction": 2, "price": 0.129, "mark_price": 0.12931769, "iv": 65.33, "instrument_name": "BTC-31MAR23-23000-C", "index_price": 26099.12, "direction": "buy", "amount": 8.4}, {"trade_seq": 5585, "trade_id": "245899712", "timestamp": 1679041520247, "tick_direction": 0, "price": 0.1314, "mark_price": 0.13024112, "iv": 67.24, "instrument_name": "BTC-31MAR23-23000-C", "index_price": 26155.09, "direction": "sell", "block_trade_id": "68849", "amount": 140.6}, {"trade_seq": 5584, "trade_id": "245854137", "timestamp": 1679037615194, "tick_direction": 0, "price": 0.1265, "mark_price": 0.12681731, "iv": 67.19, "instrument_name": "BTC-31MAR23-23000-C", "index_price": 25995.71, "direction": "buy", "amount": 0.2}, {"trade_seq": 5583, "trade_id": "245805737", "timestamp": 1679022754095, "tick_direction": 2, "price": 0.12, "mark_price": 0.12006945, "iv": 64.54, "instrument_name": "BTC-31MAR23-23000-C", "index_price": 25773.26, "direction": "sell", "amount": 0.1}, {"trade_seq": 5582, "trade_id": "245795401", "timestamp": 1679019951844, "tick_direction": 1, "price": 0.125, "mark_price": 0.12501735, "iv": 65.24, "instrument_name": "BTC-31MAR23-23000-C", "index_price": 25945.7, "direction": "sell", "amount": 0.6}, {"trade_seq": 5581, "trade_id": "245795382", "timestamp": 1679019951379, "tick_direction": 0, "price": 0.125, "mark_price": 0.12507706, "iv": 65.24, "instrument_name": "BTC-31MAR23-23000-C", "index_price": 25945.7, "direction": "sell", "amount": 1.2}, {"trade_seq": 5580, "trade_id": "245740180", "timestamp": 1679006739907, "tick_direction": 3, "price": 0.0955, "mark_price": 0.09586535, "iv": 60.23, "instrument_name": "BTC-31MAR23-23000-C", "index_price": 24984.5, "direction": "buy", "amount": 0.4}, {"trade_seq": 5579, "trade_id": "245740164", "timestamp": 1679006727134, "tick_direction": 2, "price": 0.0955, "mark_price": 0.09565032, "iv": 60.51, "instrument_name": "BTC-31MAR23-23000-C", "index_price": 24979.66, "direction": "buy", "amount": 0.4}, {"trade_seq": 5578, "trade_id": "245712168", "timestamp": 1678994670561, "tick_direction": 0, "price": 0.102, "mark_price": 0.10138976, "iv": 62.34, "instrument_name": "BTC-31MAR23-23000-C", "index_price": 25151.99, "direction": "buy", "amount": 0.2}, {"trade_seq": 5577, "trade_id": "245694316", "timestamp": 1678987243377, "tick_direction": 2, "price": 0.0885, "mark_price": 0.08829674, "iv": 59.05, "instrument_name": "BTC-31MAR23-23000-C", "index_price": 24722.44, "direction": "sell", "amount": 0.1}, {"trade_seq": 5576, "trade_id": "245682146", "timestamp": 1678982655208, "tick_direction": 2, "price": 0.093, "mark_price": 0.0933019, "iv": 59.11, "instrument_name": "BTC-31MAR23-23000-C", "index_price": 24893.88, "direction": "sell", "amount": 0.1}, {"trade_seq": 5575, "trade_id": "245681691", "timestamp": 1678982478329, "tick_direction": 2, "price": 0.094, "mark_price": 0.09431878, "iv": 59.09, "instrument_name": "BTC-31MAR23-23000-C", "index_price": 24927.37, "direction": "sell", "amount": 0.1}, {"trade_seq": 5574, "trade_id": "245680236", "timestamp": 1678981810243, "tick_direction": 0, "price": 0.095, "mark_price": 0.09498689, "iv": 59.31, "instrument_name": "BTC-31MAR23-23000-C", "index_price": 24969.73, "direction": "sell", "amount": 0.1}, {"trade_seq": 5573, "trade_id": "245679691", "timestamp": 1678981506657, "tick_direction": 0, "price": 0.094, "mark_price": 0.09425543, "iv": 59.06, "instrument_name": "BTC-31MAR23-23000-C", "index_price": 24937.78, "direction": "sell", "amount": 0.1}, {"trade_seq": 5572, "trade_id": "245676897", "timestamp": 1678980294308, "tick_direction": 2, "price": 0.093, "mark_price": 0.09318147, "iv": 60.44, "instrument_name": "BTC-31MAR23-23000-C", "index_price": 24864.15, "direction": "sell", "amount": 0.1}, {"trade_seq": 5571, "trade_id": "245641322", "timestamp": 1678969539691, "tick_direction": 2, "price": 0.094, "mark_price": 0.09394266, "iv": 63.31, "instrument_name": "BTC-31MAR23-23000-C", "index_price": 24845.38, "direction": "buy", "amount": 0.2}, {"trade_seq": 5570, "trade_id": "245624380", "timestamp": 1678963784549, "tick_direction": 1, "price": 0.102, "mark_price": 0.1022515, "iv": 63.21, "instrument_name": "BTC-31MAR23-23000-C", "index_price": 25127.86, "direction": "buy", "amount": 0.1}, {"trade_seq": 5569, "trade_id": "245624372", "timestamp": 1678963783517, "tick_direction": 0, "price": 0.102, "mark_price": 0.10200839, "iv": 63.43, "instrument_name": "BTC-31MAR23-23000-C", "index_price": 25123.7, "direction": "buy", "amount": 0.2}, {"trade_seq": 5568, "trade_id": "245603605", "timestamp": 1678959475544, "tick_direction": 0, "price": 0.0855, "mark_price": 0.08513475, "iv": 60.28, "instrument_name": "BTC-31MAR23-23000-C", "index_price": 24602.89, "direction": "buy", "amount": 0.1}, {"trade_seq": 5567, "trade_id": "245590760", "timestamp": 1678954624199, "tick_direction": 0, "price": 0.085, "mark_price": 0.08605183, "liquidation": "M", "iv": 55.73, "instrument_name": "BTC-31MAR23-23000-C", "index_price": 24697.27, "direction": "buy", "amount": 0.5}, {"trade_seq": 5566, "trade_id": "245557554", "timestamp": 1678937208492, "tick_direction": 2, "price": 0.0755, "mark_price": 0.07530786, "iv": 53.64, "instrument_name": "BTC-31MAR23-23000-C", "index_price": 24363.22, "direction": "sell", "amount": 0.1}, {"trade_seq": 5565, "trade_id": "245554525", "timestamp": 1678935907158, "tick_direction": 2, "price": 0.0775, "mark_price": 0.07784788, "iv": 54.24, "instrument_name": "BTC-31MAR23-23000-C", "index_price": 24413.85, "direction": "sell", "amount": 0.1}, {"trade_seq": 5564, "trade_id": "245530166", "timestamp": 1678923706718, "tick_direction": 3, "price": 0.084, "mark_price": 0.08464305, "iv": 64.22, "instrument_name": "BTC-31MAR23-23000-C", "index_price": 24382.54, "direction": "buy", "amount": 1.0}, {"trade_seq": 5563, "trade_id": "245530103", "timestamp": 1678923697883, "tick_direction": 2, "price": 0.084, "mark_price": 0.08505467, "iv": 63.65, "instrument_name": "BTC-31MAR23-23000-C", "index_price": 24387.44, "direction": "buy", "amount": 0.8}, {"trade_seq": 5562, "trade_id": "245517570", "timestamp": 1678918439275, "tick_direction": 2, "price": 0.093, "mark_price": 0.09280438, "iv": 66.02, "instrument_name": "BTC-31MAR23-23000-C", "index_price": 24710.85, "direction": "buy", "amount": 1.0}, {"trade_seq": 5561, "trade_id": "245387714", "timestamp": 1678889996479, "tick_direction": 1, "price": 0.1015, "mark_price": 0.10156758, "iv": 69.4, "instrument_name": "BTC-31MAR23-23000-C", "index_price": 24917.46, "direction": "buy", "amount": 18.0}, {"trade_seq": 5560, "trade_id": "245387713", "timestamp": 1678889996382, "tick_direction": 1, "price": 0.1015, "mark_price": 0.10156758, "iv": 69.49, "instrument_name": "BTC-31MAR23-23000-C", "index_price": 24906.98, "direction": "buy", "amount": 0.1}, {"trade_seq": 5559, "trade_id": "245387711", "timestamp": 1678889996337, "tick_direction": 0, "price": 0.1015, "mark_price": 0.10156758, "iv": 69.49, "instrument_name": "BTC-31MAR23-23000-C", "index_price": 24906.98, "direction": "buy", "amount": 1.9}, {"trade_seq": 5558, "trade_id": "245310126", "timestamp": 1678874250277, "tick_direction": 2, "price": 0.0935, "mark_price": 0.09373537, "iv": 64.47, "instrument_name": "BTC-31MAR23-23000-C", "index_price": 24706.61, "direction": "sell", "amount": 0.1}, {"trade_seq": 5557, "trade_id": "245303935", "timestamp": 1678872227586, "tick_direction": 0, "price": 0.0975, "mark_price": 0.09752844, "iv": 63.93, "instrument_name": "BTC-31MAR23-23000-C", "index_price": 24857.16, "direction": "sell", "amount": 0.2}, {"trade_seq": 5556, "trade_id": "245284246", "timestamp": 1678859201285, "tick_direction": 0, "price": 0.0964, "mark_price": 0.09768332, "iv": 62.3, "instrument_name": "BTC-31MAR23-23000-C", "index_price": 24873.9, "direction": "sell", "block_trade_id": "68400", "amount": 75.0}, {"trade_seq": 5555, "trade_id": "245250095", "timestamp": 1678839636260, "tick_direction": 3, "price": 0.093, "mark_price": 0.09363314, "iv": 64.5, "instrument_name": "BTC-31MAR23-23000-C", "index_price": 24658.5, "direction": "sell", "amount": 0.1}, {"trade_seq": 5554, "trade_id": "245249986", "timestamp": 1678839549704, "tick_direction": 2, "price": 0.093, "mark_price": 0.09361277, "iv": 64.45, "instrument_name": "BTC-31MAR23-23000-C", "index_price": 24657.74, "direction": "sell", "amount": 0.1}, {"trade_seq": 5553, "trade_id": "245249441", "timestamp": 1678839288076, "tick_direction": 3, "price": 0.0935, "mark_price": 0.09310554, "iv": 65.68, "instrument_name": "BTC-31MAR23-23000-C", "index_price": 24645.25, "direction": "sell", "amount": 0.1}, {"trade_seq": 5552, "trade_id": "245249088", "timestamp": 1678839153081, "tick_direction": 2, "price": 0.0935, "mark_price": 0.09350998, "iv": 65.27, "instrument_name": "BTC-31MAR23-23000-C", "index_price": 24659.67, "direction": "sell", "amount": 0.2}, {"trade_seq": 5551, "trade_id": "245248887", "timestamp": 1678839067603, "tick_direction": 0, "price": 0.094, "mark_price": 0.09450215, "iv": 64.53, "instrument_name": "BTC-31MAR23-23000-C", "index_price": 24698.35, "direction": "sell", "amount": 0.1}, {"trade_seq": 5550, "trade_id": "245217836", "timestamp": 1678828053261, "tick_direction": 2, "price": 0.083, "mark_price": 0.08371963, "iv": 63.09, "instrument_name": "BTC-31MAR23-23000-C", "index_price": 24286.02, "direction": "sell", "amount": 1.0}, {"trade_seq": 5549, "trade_id": "245214875", "timestamp": 1678827833981, "tick_direction": 2, "price": 0.09, "mark_price": 0.09069432, "iv": 63.74, "instrument_name": "BTC-31MAR23-23000-C", "index_price": 24542.62, "direction": "sell", "amount": 0.1}, {"trade_seq": 5548, "trade_id": "245186671", "timestamp": 1678822602448, "tick_direction": 1, "price": 0.093, "mark_price": 0.09268129, "iv": 63.88, "instrument_name": "BTC-31MAR23-23000-C", "index_price": 24646.95, "direction": "buy", "amount": 2.5}, {"trade_seq": 5547, "trade_id": "245186670", "timestamp": 1678822602382, "tick_direction": 1, "price": 0.093, "mark_price": 0.09264678, "iv": 63.88, "instrument_name": "BTC-31MAR23-23000-C", "index_price": 24646.95, "direction": "buy", "amount": 0.2}, {"trade_seq": 5546, "trade_id": "245186669", "timestamp": 1678822602372, "tick_direction": 1, "price": 0.093, "mark_price": 0.09264678, "iv": 63.88, "instrument_name": "BTC-31MAR23-23000-C", "index_price": 24646.95, "direction": "buy", "amount": 0.5}, {"trade_seq": 5545, "trade_id": "245186666", "timestamp": 1678822602248, "tick_direction": 1, "price": 0.093, "mark_price": 0.09264678, "iv": 63.88, "instrument_name": "BTC-31MAR23-23000-C", "index_price": 24646.95, "direction": "buy", "amount": 0.8}, {"trade_seq": 5544, "trade_id": "245186665", "timestamp": 1678822602230, "tick_direction": 1, "price": 0.093, "mark_price": 0.09264678, "iv": 63.88, "instrument_name": "BTC-31MAR23-23000-C", "index_price": 24646.95, "direction": "buy", "amount": 0.3}, {"trade_seq": 5543, "trade_id": "245186663", "timestamp": 1678822602215, "tick_direction": 1, "price": 0.093, "mark_price": 0.09264678, "iv": 63.88, "instrument_name": "BTC-31MAR23-23000-C", "index_price": 24646.95, "direction": "buy", "amount": 0.2}, {"trade_seq": 5542, "trade_id": "245186662", "timestamp": 1678822602210, "tick_direction": 1, "price": 0.093, "mark_price": 0.09264678, "iv": 63.88, "instrument_name": "BTC-31MAR23-23000-C", "index_price": 24646.95, "direction": "buy", "amount": 0.4}, {"trade_seq": 5541, "trade_id": "245186651", "timestamp": 1678822601688, "tick_direction": 1, "price": 0.093, "mark_price": 0.09264678, "iv": 64.65, "instrument_name": "BTC-31MAR23-23000-C", "index_price": 24626.5, "direction": "buy", "amount": 0.1}, {"trade_seq": 5540, "trade_id": "245186649", "timestamp": 1678822601672, "tick_direction": 1, "price": 0.093, "mark_price": 0.09264678, "iv": 64.65, "instrument_name": "BTC-31MAR23-23000-C", "index_price": 24626.5, "direction": "buy", "amount": 0.1}, {"trade_seq": 5539, "trade_id": "245186648", "timestamp": 1678822601665, "tick_direction": 0, "price": 0.093, "mark_price": 0.09264678, "iv": 64.65, "instrument_name": "BTC-31MAR23-23000-C", "index_price": 24626.5, "direction": "buy", "amount": 2.5}, {"trade_seq": 5538, "trade_id": "245186317", "timestamp": 1678822518315, "tick_direction": 1, "price": 0.092, "mark_price": 0.09243239, "iv": 63.47, "instrument_name": "BTC-31MAR23-23000-C", "index_price": 24620.81, "direction": "buy", "amount": 1.0}, {"trade_seq": 5537, "trade_id": "245186302", "timestamp": 1678822511566, "tick_direction": 0, "price": 0.092, "mark_price": 0.09240026, "iv": 63.54, "instrument_name": "BTC-31MAR23-23000-C", "index_price": 24618.4, "direction": "buy", "amount": 10.0}, {"trade_seq": 5536, "trade_id": "245186013", "timestamp": 1678822428913, "tick_direction": 2, "price": 0.0915, "mark_price": 0.09153878, "iv": 64.02, "instrument_name": "BTC-31MAR23-23000-C", "index_price": 24584.21, "direction": "buy", "amount": 0.4}, {"trade_seq": 5535, "trade_id": "245185808", "timestamp": 1678822388649, "tick_direction": 3, "price": 0.092, "mark_price": 0.09226434, "iv": 63.67, "instrument_name": "BTC-31MAR23-23000-C", "index_price": 24613.5, "direction": "buy", "amount": 1.0}, {"trade_seq": 5534, "trade_id": "245185807", "timestamp": 1678822388512, "tick_direction": 2, "price": 0.092, "mark_price": 0.09226434, "iv": 63.67, "instrument_name": "BTC-31MAR23-23000-C", "index_price": 24613.5, "direction": "buy", "amount": 10.0}, {"trade_seq": 5533, "trade_id": "245102241", "timestamp": 1678802576218, "tick_direction": 2, "price": 0.1245, "mark_price": 0.12499125, "iv": 62.67, "instrument_name": "BTC-31MAR23-23000-C", "index_price": 25826.09, "direction": "sell", "amount": 0.1}, {"trade_seq": 5532, "trade_id": "245096912", "timestamp": 1678801983452, "tick_direction": 2, "price": 0.1275, "mark_price": 0.12840857, "iv": 61.72, "instrument_name": "BTC-31MAR23-23000-C", "index_price": 25947.28, "direction": "buy", "amount": 1.0}, {"trade_seq": 5531, "trade_id": "245096116", "timestamp": 1678801893833, "tick_direction": 2, "price": 0.128, "mark_price": 0.12909984, "iv": 61.67, "instrument_name": "BTC-31MAR23-23000-C", "index_price": 25987.65, "direction": "buy", "amount": 1.0}, {"trade_seq": 5530, "trade_id": "245093920", "timestamp": 1678801489376, "tick_direction": 0, "price": 0.132, "mark_price": 0.13184381, "iv": 64.05, "instrument_name": "BTC-31MAR23-23000-C", "index_price": 26047.13, "direction": "sell", "amount": 0.1}, {"trade_seq": 5529, "trade_id": "245093919", "timestamp": 1678801489371, "tick_direction": 0, "price": 0.1315, "mark_price": 0.13184381, "iv": 63.08, "instrument_name": "BTC-31MAR23-23000-C", "index_price": 26047.13, "direction": "buy", "amount": 0.2}, {"trade_seq": 5528, "trade_id": "245090967", "timestamp": 1678801032047, "tick_direction": 1, "price": 0.1305, "mark_price": 0.1308985, "iv": 62.73, "instrument_name": "BTC-31MAR23-23000-C", "index_price": 26047.01, "direction": "buy", "amount": 0.3}, {"trade_seq": 5527, "trade_id": "245090965", "timestamp": 1678801029089, "tick_direction": 0, "price": 0.1305, "mark_price": 0.13083301, "iv": 62.68, "instrument_name": "BTC-31MAR23-23000-C", "index_price": 26043.25, "direction": "buy", "amount": 0.7}, {"trade_seq": 5526, "trade_id": "245090833", "timestamp": 1678800981110, "tick_direction": 2, "price": 0.13, "mark_price": 0.13031151, "iv": 62.96, "instrument_name": "BTC-31MAR23-23000-C", "index_price": 26009.09, "direction": "buy", "amount": 1.0}, {"trade_seq": 5525, "trade_id": "245090409", "timestamp": 1678800887007, "tick_direction": 0, "price": 0.131, "mark_price": 0.13132463, "iv": 63.03, "instrument_name": "BTC-31MAR23-23000-C", "index_price": 26043.39, "direction": "buy", "amount": 1.0}, {"trade_seq": 5524, "trade_id": "245087459", "timestamp": 1678800510451, "tick_direction": 3, "price": 0.129, "mark_price": 0.12955457, "iv": 62.18, "instrument_name": "BTC-31MAR23-23000-C", "index_price": 25974.42, "direction": "buy", "amount": 0.6}, {"trade_seq": 5523, "trade_id": "245087458", "timestamp": 1678800510372, "tick_direction": 2, "price": 0.129, "mark_price": 0.12955457, "iv": 62.18, "instrument_name": "BTC-31MAR23-23000-C", "index_price": 25974.42, "direction": "buy", "amount": 0.4}, {"trade_seq": 5522, "trade_id": "245085845", "timestamp": 1678800229391, "tick_direction": 0, "price": 0.13, "mark_price": 0.13087152, "iv": 63.01, "instrument_name": "BTC-31MAR23-23000-C", "index_price": 25979.51, "direction": "buy", "amount": 0.2}, {"trade_seq": 5521, "trade_id": "245084384", "timestamp": 1678800039492, "tick_direction": 0, "price": 0.128, "mark_price": 0.13112067, "iv": 59.25, "instrument_name": "BTC-31MAR23-23000-C", "index_price": 25972.57, "direction": "buy", "amount": 1.0}, {"trade_seq": 5520, "trade_id": "244992092", "timestamp": 1678792135653, "tick_direction": 0, "price": 0.0945, "mark_price": 0.09417436, "iv": 65.66, "instrument_name": "BTC-31MAR23-23000-C", "index_price": 24672.0, "direction": "buy", "amount": 0.2}, {"trade_seq": 5519, "trade_id": "244991812", "timestamp": 1678792048094, "tick_direction": 0, "price": 0.093, "mark_price": 0.0935136, "iv": 63.97, "instrument_name": "BTC-31MAR23-23000-C", "index_price": 24655.16, "direction": "buy", "amount": 0.1}, {"trade_seq": 5518, "trade_id": "244944453", "timestamp": 1678773208626, "tick_direction": 2, "price": 0.083, "mark_price": 0.08304297, "iv": 58.55, "instrument_name": "BTC-31MAR23-23000-C", "index_price": 24437.06, "direction": "buy", "amount": 0.2}, {"trade_seq": 5517, "trade_id": "244943994", "timestamp": 1678773042025, "tick_direction": 1, "price": 0.084, "mark_price": 0.0842305, "iv": 58.58, "instrument_name": "BTC-31MAR23-23000-C", "index_price": 24480.83, "direction": "buy", "amount": 1.1}, {"trade_seq": 5516, "trade_id": "244943862", "timestamp": 1678772914407, "tick_direction": 1, "price": 0.084, "mark_price": 0.08408349, "iv": 58.8, "instrument_name": "BTC-31MAR23-23000-C", "index_price": 24470.67, "direction": "buy", "amount": 0.4}, {"trade_seq": 5515, "trade_id": "244943861", "timestamp": 1678772914405, "tick_direction": 1, "price": 0.084, "mark_price": 0.08408349, "iv": 58.8, "instrument_name": "BTC-31MAR23-23000-C", "index_price": 24470.67, "direction": "buy", "amount": 1.1}, {"trade_seq": 5514, "trade_id": "244943851", "timestamp": 1678772909136, "tick_direction": 1, "price": 0.084, "mark_price": 0.08396197, "iv": 58.89, "instrument_name": "BTC-31MAR23-23000-C", "index_price": 24469.24, "direction": "buy", "amount": 1.2}, {"trade_seq": 5513, "trade_id": "244943364", "timestamp": 1678772583635, "tick_direction": 1, "price": 0.084, "mark_price": 0.08386015, "iv": 59.26, "instrument_name": "BTC-31MAR23-23000-C", "index_price": 24444.43, "direction": "sell", "amount": 0.1}, {"trade_seq": 5512, "trade_id": "244943363", "timestamp": 1678772583635, "tick_direction": 0, "price": 0.084, "mark_price": 0.08386015, "iv": 59.26, "instrument_name": "BTC-31MAR23-23000-C", "index_price": 24444.43, "direction": "sell", "amount": 0.2}, {"trade_seq": 5511, "trade_id": "244943139", "timestamp": 1678772510102, "tick_direction": 3, "price": 0.0835, "mark_price": 0.08338171, "iv": 59.2, "instrument_name": "BTC-31MAR23-23000-C", "index_price": 24425.27, "direction": "sell", "amount": 0.1}, {"trade_seq": 5510, "trade_id": "244943138", "timestamp": 1678772510102, "tick_direction": 3, "price": 0.0835, "mark_price": 0.08338171, "iv": 59.2, "instrument_name": "BTC-31MAR23-23000-C", "index_price": 24425.27, "direction": "sell", "amount": 0.1}, {"trade_seq": 5509, "trade_id": "244942705", "timestamp": 1678772274048, "tick_direction": 2, "price": 0.0835, "mark_price": 0.08344576, "iv": 59.24, "instrument_name": "BTC-31MAR23-23000-C", "index_price": 24420.32, "direction": "sell", "amount": 0.1}, {"trade_seq": 5508, "trade_id": "244942053", "timestamp": 1678772033721, "tick_direction": 0, "price": 0.085, "mark_price": 0.08452528, "iv": 59.77, "instrument_name": "BTC-31MAR23-23000-C", "index_price": 24468.27, "direction": "sell", "amount": 0.1}, {"trade_seq": 5507, "trade_id": "244940170", "timestamp": 1678771592031, "tick_direction": 2, "price": 0.0825, "mark_price": 0.08254783, "iv": 59.14, "instrument_name": "BTC-31MAR23-23000-C", "index_price": 24382.67, "direction": "sell", "amount": 0.1}, {"trade_seq": 5506, "trade_id": "244938516", "timestamp": 1678771322852, "tick_direction": 0, "price": 0.0855, "mark_price": 0.08528262, "iv": 59.55, "instrument_name": "BTC-31MAR23-23000-C", "index_price": 24479.65, "direction": "sell", "amount": 0.1}, {"trade_seq": 5505, "trade_id": "244917630", "timestamp": 1678761244200, "tick_direction": 2, "price": 0.084, "mark_price": 0.08429689, "iv": 60.43, "instrument_name": "BTC-31MAR23-23000-C", "index_price": 24401.06, "direction": "buy", "amount": 0.2}, {"trade_seq": 5504, "trade_id": "244917209", "timestamp": 1678760898456, "tick_direction": 0, "price": 0.0845, "mark_price": 0.08469244, "iv": 60.77, "instrument_name": "BTC-31MAR23-23000-C", "index_price": 24407.45, "direction": "sell", "amount": 0.1}, {"trade_seq": 5503, "trade_id": "244907706", "timestamp": 1678756947681, "tick_direction": 2, "price": 0.08, "mark_price": 0.08086884, "iv": 58.46, "instrument_name": "BTC-31MAR23-23000-C", "index_price": 24312.66, "direction": "buy", "amount": 1.7}, {"trade_seq": 5502, "trade_id": "244888666", "timestamp": 1678747159767, "tick_direction": 3, "price": 0.083, "mark_price": 0.08395635, "iv": 62.04, "instrument_name": "BTC-31MAR23-23000-C", "index_price": 24280.87, "direction": "sell", "amount": 0.1}, {"trade_seq": 5501, "trade_id": "244888665", "timestamp": 1678747159449, "tick_direction": 2, "price": 0.083, "mark_price": 0.08395635, "iv": 62.04, "instrument_name": "BTC-31MAR23-23000-C", "index_price": 24280.87, "direction": "sell", "amount": 0.1}, {"trade_seq": 5500, "trade_id": "244874140", "timestamp": 1678739898569, "tick_direction": 2, "price": 0.0845, "mark_price": 0.0855556, "iv": 63.74, "instrument_name": "BTC-31MAR23-23000-C", "index_price": 24253.71, "direction": "buy", "amount": 1.0}, {"trade_seq": 5499, "trade_id": "244871675", "timestamp": 1678738603040, "tick_direction": 0, "price": 0.0865, "mark_price": 0.08618665, "iv": 64.95, "instrument_name": "BTC-31MAR23-23000-C", "index_price": 24315.29, "direction": "sell", "amount": 0.4}, {"trade_seq": 5498, "trade_id": "244871263", "timestamp": 1678738464420, "tick_direction": 1, "price": 0.0855, "mark_price": 0.08489879, "iv": 65.44, "instrument_name": "BTC-31MAR23-23000-C", "index_price": 24259.54, "direction": "sell", "amount": 0.1}, {"trade_seq": 5497, "trade_id": "244871193", "timestamp": 1678738460532, "tick_direction": 1, "price": 0.0855, "mark_price": 0.0853296, "iv": 64.87, "instrument_name": "BTC-31MAR23-23000-C", "index_price": 24277.42, "direction": "sell", "amount": 0.1}, {"trade_seq": 5496, "trade_id": "244871191", "timestamp": 1678738460469, "tick_direction": 1, "price": 0.0855, "mark_price": 0.0853296, "iv": 64.87, "instrument_name": "BTC-31MAR23-23000-C", "index_price": 24277.42, "direction": "sell", "amount": 0.1}, {"trade_seq": 5495, "trade_id": "244871053", "timestamp": 1678738445838, "tick_direction": 0, "price": 0.0855, "mark_price": 0.08570363, "iv": 64.28, "instrument_name": "BTC-31MAR23-23000-C", "index_price": 24293.09, "direction": "sell", "amount": 0.1}, {"trade_seq": 5494, "trade_id": "244868065", "timestamp": 1678737441261, "tick_direction": 3, "price": 0.0845, "mark_price": 0.08472271, "iv": 64.13, "instrument_name": "BTC-31MAR23-23000-C", "index_price": 24271.61, "direction": "sell", "amount": 0.1}, {"trade_seq": 5493, "trade_id": "244868057", "timestamp": 1678737437795, "tick_direction": 2, "price": 0.0845, "mark_price": 0.08471645, "iv": 64.08, "instrument_name": "BTC-31MAR23-23000-C", "index_price": 24272.68, "direction": "sell", "amount": 0.1}, {"trade_seq": 5492, "trade_id": "244861022", "timestamp": 1678734240883, "tick_direction": 0, "price": 0.0879, "mark_price": 0.08897289, "iv": 62.84, "instrument_name": "BTC-31MAR23-23000-C", "index_price": 24443.71, "direction": "buy", "combo_id": "BTC-GUTS-31MAR23-23000_26000", "block_trade_id": "68043", "amount": 12.5}, {"trade_seq": 5491, "trade_id": "244848954", "timestamp": 1678729553510, "tick_direction": 1, "price": 0.0825, "mark_price": 0.08311673, "iv": 63.48, "instrument_name": "BTC-31MAR23-23000-C", "index_price": 24198.12, "direction": "sell", "amount": 1.3}, {"trade_seq": 5490, "trade_id": "244848953", "timestamp": 1678729552522, "tick_direction": 1, "price": 0.0825, "mark_price": 0.08313717, "iv": 63.49, "instrument_name": "BTC-31MAR23-23000-C", "index_price": 24204.0, "direction": "sell", "amount": 0.1}, {"trade_seq": 5489, "trade_id": "244848952", "timestamp": 1678729552516, "tick_direction": 1, "price": 0.0825, "mark_price": 0.08313717, "iv": 63.49, "instrument_name": "BTC-31MAR23-23000-C", "index_price": 24204.0, "direction": "sell", "amount": 3.3}, {"trade_seq": 5488, "trade_id": "244848938", "timestamp": 1678729548136, "tick_direction": 1, "price": 0.0825, "mark_price": 0.08324448, "iv": 63.36, "instrument_name": "BTC-31MAR23-23000-C", "index_price": 24207.06, "direction": "sell", "amount": 0.6}, {"trade_seq": 5487, "trade_id": "244848937", "timestamp": 1678729548102, "tick_direction": 0, "price": 0.0825, "mark_price": 0.08324448, "iv": 63.36, "instrument_name": "BTC-31MAR23-23000-C", "index_price": 24207.06, "direction": "sell", "amount": 4.7}, {"trade_seq": 5486, "trade_id": "244847135", "timestamp": 1678729116191, "tick_direction": 0, "price": 0.081, "mark_price": 0.08175395, "iv": 63.36, "instrument_name": "BTC-31MAR23-23000-C", "index_price": 24146.94, "direction": "sell", "amount": 0.1}, {"trade_seq": 5485, "trade_id": "244846147", "timestamp": 1678728874191, "tick_direction": 0, "price": 0.0796, "mark_price": 0.08141187, "iv": 62.11, "instrument_name": "BTC-31MAR23-23000-C", "index_price": 24134.04, "direction": "buy", "combo_id": "BTC-CS-31MAR23-23000_24000", "block_trade_id": "68010", "amount": 50.0}, {"trade_seq": 5484, "trade_id": "244843409", "timestamp": 1678727869401, "tick_direction": 0, "price": 0.0785, "mark_price": 0.0789092, "iv": 64.39, "instrument_name": "BTC-31MAR23-23000-C", "index_price": 23995.93, "direction": "buy", "amount": 1.0}, {"trade_seq": 5483, "trade_id": "244842115", "timestamp": 1678727361719, "tick_direction": 2, "price": 0.078, "mark_price": 0.07817278, "iv": 64.5, "instrument_name": "BTC-31MAR23-23000-C", "index_price": 23968.41, "direction": "buy", "amount": 0.5}, {"trade_seq": 5482, "trade_id": "244839924", "timestamp": 1678726666573, "tick_direction": 2, "price": 0.081, "mark_price": 0.08111647, "iv": 66.06, "instrument_name": "BTC-31MAR23-23000-C", "index_price": 24057.55, "direction": "sell", "amount": 0.1}, {"trade_seq": 5481, "trade_id": "244839357", "timestamp": 1678726407410, "tick_direction": 0, "price": 0.082, "mark_price": 0.08254823, "iv": 66.6, "instrument_name": "BTC-31MAR23-23000-C", "index_price": 24075.5, "direction": "sell", "amount": 0.1}, {"trade_seq": 5480, "trade_id": "244835280", "timestamp": 1678725475649, "tick_direction": 0, "price": 0.0805, "mark_price": 0.0808179, "iv": 67.22, "instrument_name": "BTC-31MAR23-23000-C", "index_price": 23995.06, "direction": "sell", "amount": 0.1}, {"trade_seq": 5479, "trade_id": "244834131", "timestamp": 1678725305164, "tick_direction": 2, "price": 0.0785, "mark_price": 0.07857699, "iv": 67.42, "instrument_name": "BTC-31MAR23-23000-C", "index_price": 23893.12, "direction": "buy", "amount": 0.4}, {"trade_seq": 5478, "trade_id": "244833133", "timestamp": 1678725222823, "tick_direction": 2, "price": 0.0795, "mark_price": 0.07952249, "iv": 67.79, "instrument_name": "BTC-31MAR23-23000-C", "index_price": 23937.4, "direction": "sell", "amount": 0.1}, {"trade_seq": 5477, "trade_id": "244831446", "timestamp": 1678724853615, "tick_direction": 2, "price": 0.084, "mark_price": 0.08461196, "iv": 66.8, "instrument_name": "BTC-31MAR23-23000-C", "index_price": 24153.82, "direction": "buy", "combo_id": "BTC-CS-31MAR23-21000_23000", "block_trade_id": "67994", "amount": 25.0}, {"trade_seq": 5476, "trade_id": "244827800", "timestamp": 1678724044895, "tick_direction": 0, "price": 0.086, "mark_price": 0.08640267, "iv": 67.01, "instrument_name": "BTC-31MAR23-23000-C", "index_price": 24236.41, "direction": "buy", "amount": 0.2}, {"trade_seq": 5475, "trade_id": "244822810", "timestamp": 1678723382375, "tick_direction": 2, "price": 0.0845, "mark_price": 0.08580034, "iv": 67.6, "instrument_name": "BTC-31MAR23-23000-C", "index_price": 24137.12, "direction": "sell", "amount": 0.2}, {"trade_seq": 5474, "trade_id": "244822027", "timestamp": 1678723265369, "tick_direction": 2, "price": 0.0865, "mark_price": 0.08610599, "iv": 69.45, "instrument_name": "BTC-31MAR23-23000-C", "index_price": 24161.22, "direction": "sell", "amount": 1.0}, {"trade_seq": 5473, "trade_id": "244810509", "timestamp": 1678721904021, "tick_direction": 2, "price": 0.0885, "mark_price": 0.08893914, "iv": 72.27, "instrument_name": "BTC-31MAR23-23000-C", "index_price": 24141.41, "direction": "sell", "amount": 0.2}, {"trade_seq": 5472, "trade_id": "244808716", "timestamp": 1678721707941, "tick_direction": 2, "price": 0.093, "mark_price": 0.0925787, "iv": 72.84, "instrument_name": "BTC-31MAR23-23000-C", "index_price": 24335.27, "direction": "buy", "amount": 0.1}, {"trade_seq": 5471, "trade_id": "244806123", "timestamp": 1678721547176, "tick_direction": 2, "price": 0.0975, "mark_price": 0.09786723, "iv": 72.9, "instrument_name": "BTC-31MAR23-23000-C", "index_price": 24506.84, "direction": "sell", "amount": 1.0}, {"trade_seq": 5470, "trade_id": "244806096", "timestamp": 1678721546352, "tick_direction": 2, "price": 0.098, "mark_price": 0.09796611, "iv": 73.34, "instrument_name": "BTC-31MAR23-23000-C", "index_price": 24506.84, "direction": "sell", "amount": 1.0}, {"trade_seq": 5469, "trade_id": "244805925", "timestamp": 1678721534438, "tick_direction": 2, "price": 0.0985, "mark_price": 0.09840875, "iv": 73.3, "instrument_name": "BTC-31MAR23-23000-C", "index_price": 24535.72, "direction": "sell", "amount": 1.0}, {"trade_seq": 5468, "trade_id": "244805820", "timestamp": 1678721528561, "tick_direction": 0, "price": 0.099, "mark_price": 0.09894378, "iv": 73.26, "instrument_name": "BTC-31MAR23-23000-C", "index_price": 24549.81, "direction": "sell", "amount": 1.0}, {"trade_seq": 5467, "trade_id": "244805186", "timestamp": 1678721485682, "tick_direction": 2, "price": 0.098, "mark_price": 0.09785966, "iv": 73.35, "instrument_name": "BTC-31MAR23-23000-C", "index_price": 24515.87, "direction": "sell", "amount": 1.0}, {"trade_seq": 5466, "trade_id": "244804993", "timestamp": 1678721469403, "tick_direction": 1, "price": 0.0985, "mark_price": 0.09822344, "iv": 73.58, "instrument_name": "BTC-31MAR23-23000-C", "index_price": 24522.8, "direction": "sell", "amount": 1.0}, {"trade_seq": 5465, "trade_id": "244804992", "timestamp": 1678721469403, "tick_direction": 1, "price": 0.0985, "mark_price": 0.09822344, "iv": 73.58, "instrument_name": "BTC-31MAR23-23000-C", "index_price": 24522.8, "direction": "sell", "amount": 1.0}, {"trade_seq": 5464, "trade_id": "244804921", "timestamp": 1678721458474, "tick_direction": 1, "price": 0.0985, "mark_price": 0.09777117, "iv": 74.01, "instrument_name": "BTC-31MAR23-23000-C", "index_price": 24509.3, "direction": "sell", "amount": 1.0}, {"trade_seq": 5463, "trade_id": "244804916", "timestamp": 1678721457327, "tick_direction": 1, "price": 0.0985, "mark_price": 0.09786252, "iv": 74.01, "instrument_name": "BTC-31MAR23-23000-C", "index_price": 24506.69, "direction": "sell", "amount": 1.0}, {"trade_seq": 5462, "trade_id": "244804908", "timestamp": 1678721456116, "tick_direction": 1, "price": 0.0985, "mark_price": 0.09799889, "iv": 73.71, "instrument_name": "BTC-31MAR23-23000-C", "index_price": 24510.72, "direction": "sell", "amount": 1.0}, {"trade_seq": 5461, "trade_id": "244804904", "timestamp": 1678721455039, "tick_direction": 1, "price": 0.0985, "mark_price": 0.09806057, "iv": 73.63, "instrument_name": "BTC-31MAR23-23000-C", "index_price": 24516.39, "direction": "sell", "amount": 1.0}, {"trade_seq": 5460, "trade_id": "244804900", "timestamp": 1678721453916, "tick_direction": 1, "price": 0.0985, "mark_price": 0.0980402, "iv": 73.65, "instrument_name": "BTC-31MAR23-23000-C", "index_price": 24518.72, "direction": "sell", "amount": 1.0}, {"trade_seq": 5459, "trade_id": "244804890", "timestamp": 1678721452232, "tick_direction": 0, "price": 0.0985, "mark_price": 0.09832196, "iv": 73.29, "instrument_name": "BTC-31MAR23-23000-C", "index_price": 24521.51, "direction": "sell", "amount": 1.0}, {"trade_seq": 5458, "trade_id": "244804479", "timestamp": 1678721418428, "tick_direction": 0, "price": 0.0975, "mark_price": 0.09661609, "iv": 74.31, "instrument_name": "BTC-31MAR23-23000-C", "index_price": 24455.01, "direction": "sell", "amount": 1.0}, {"trade_seq": 5457, "trade_id": "244804457", "timestamp": 1678721417261, "tick_direction": 0, "price": 0.097, "mark_price": 0.09675451, "iv": 73.5, "instrument_name": "BTC-31MAR23-23000-C", "index_price": 24459.19, "direction": "sell", "amount": 1.0}, {"trade_seq": 5456, "trade_id": "244801861", "timestamp": 1678721239590, "tick_direction": 1, "price": 0.094, "mark_price": 0.09204882, "iv": 74.19, "instrument_name": "BTC-31MAR23-23000-C", "index_price": 24324.5, "direction": "buy", "amount": 4.0}, {"trade_seq": 5455, "trade_id": "244801860", "timestamp": 1678721239590, "tick_direction": 0, "price": 0.094, "mark_price": 0.09204882, "iv": 74.19, "instrument_name": "BTC-31MAR23-23000-C", "index_price": 24324.5, "direction": "buy", "amount": 6.0}, {"trade_seq": 5454, "trade_id": "244801646", "timestamp": 1678721206605, "tick_direction": 2, "price": 0.0925, "mark_price": 0.09185672, "iv": 72.47, "instrument_name": "BTC-31MAR23-23000-C", "index_price": 24320.18, "direction": "buy", "amount": 0.5}, {"trade_seq": 5453, "trade_id": "244800337", "timestamp": 1678721082793, "tick_direction": 0, "price": 0.093, "mark_price": 0.09202537, "iv": 72.62, "instrument_name": "BTC-31MAR23-23000-C", "index_price": 24357.13, "direction": "buy", "amount": 0.3}, {"trade_seq": 5452, "trade_id": "244798476", "timestamp": 1678720921143, "tick_direction": 0, "price": 0.0915, "mark_price": 0.09197782, "iv": 70.29, "instrument_name": "BTC-31MAR23-23000-C", "index_price": 24351.88, "direction": "buy", "amount": 0.5}, {"trade_seq": 5451, "trade_id": "244784307", "timestamp": 1678720112695, "tick_direction": 0, "price": 0.0895, "mark_price": 0.08936022, "iv": 68.45, "instrument_name": "BTC-31MAR23-23000-C", "index_price": 24319.79, "direction": "sell", "amount": 6.0}, {"trade_seq": 5450, "trade_id": "244780616", "timestamp": 1678720036391, "tick_direction": 3, "price": 0.0845, "mark_price": 0.08355695, "iv": 68.97, "instrument_name": "BTC-31MAR23-23000-C", "index_price": 24110.64, "direction": "sell", "amount": 1.0}, {"trade_seq": 5449, "trade_id": "244780541", "timestamp": 1678720032979, "tick_direction": 2, "price": 0.0845, "mark_price": 0.08404518, "iv": 68.1, "instrument_name": "BTC-31MAR23-23000-C", "index_price": 24132.78, "direction": "sell", "amount": 1.0}, {"trade_seq": 5448, "trade_id": "244780424", "timestamp": 1678720029960, "tick_direction": 0, "price": 0.0855, "mark_price": 0.08440823, "liquidation": "M", "iv": 68.78, "instrument_name": "BTC-31MAR23-23000-C", "index_price": 24156.83, "direction": "sell", "amount": 0.1}, {"trade_seq": 5447, "trade_id": "244768016", "timestamp": 1678719232710, "tick_direction": 0, "price": 0.0665, "mark_price": 0.06646478, "iv": 65.03, "instrument_name": "BTC-31MAR23-23000-C", "index_price": 23522.7, "direction": "sell", "amount": 1.0}, {"trade_seq": 5446, "trade_id": "244767959", "timestamp": 1678719225720, "tick_direction": 2, "price": 0.066, "mark_price": 0.0662473, "iv": 64.69, "instrument_name": "BTC-31MAR23-23000-C", "index_price": 23509.83, "direction": "buy", "amount": 0.1}, {"trade_seq": 5445, "trade_id": "244767256", "timestamp": 1678719127592, "tick_direction": 2, "price": 0.0675, "mark_price": 0.06788762, "iv": 65.19, "instrument_name": "BTC-31MAR23-23000-C", "index_price": 23571.57, "direction": "sell", "amount": 1.0}, {"trade_seq": 5444, "trade_id": "244767248", "timestamp": 1678719124119, "tick_direction": 0, "price": 0.068, "mark_price": 0.06775479, "iv": 65.92, "instrument_name": "BTC-31MAR23-23000-C", "index_price": 23564.71, "direction": "sell", "amount": 1.0}, {"trade_seq": 5443, "trade_id": "244766872", "timestamp": 1678719046803, "tick_direction": 2, "price": 0.0675, "mark_price": 0.06839967, "iv": 64.84, "instrument_name": "BTC-31MAR23-23000-C", "index_price": 23575.57, "direction": "sell", "amount": 1.0}, {"trade_seq": 5442, "trade_id": "244765931", "timestamp": 1678718908263, "tick_direction": 0, "price": 0.069, "mark_price": 0.069319, "iv": 65.67, "instrument_name": "BTC-31MAR23-23000-C", "index_price": 23614.53, "direction": "sell", "amount": 1.0}, {"trade_seq": 5441, "trade_id": "244760224", "timestamp": 1678718311657, "tick_direction": 2, "price": 0.066, "mark_price": 0.06619054, "iv": 65.36, "instrument_name": "BTC-31MAR23-23000-C", "index_price": 23493.98, "direction": "sell", "amount": 0.2}, {"trade_seq": 5440, "trade_id": "244760203", "timestamp": 1678718306251, "tick_direction": 0, "price": 0.0665, "mark_price": 0.06667086, "iv": 65.5, "instrument_name": "BTC-31MAR23-23000-C", "index_price": 23508.15, "direction": "sell", "amount": 1.0}, {"trade_seq": 5439, "trade_id": "244760196", "timestamp": 1678718306089, "tick_direction": 2, "price": 0.066, "mark_price": 0.06667086, "iv": 64.92, "instrument_name": "BTC-31MAR23-23000-C", "index_price": 23508.15, "direction": "sell", "amount": 1.0}, {"trade_seq": 5438, "trade_id": "244760093", "timestamp": 1678718294048, "tick_direction": 3, "price": 0.067, "mark_price": 0.06650859, "iv": 66.33, "instrument_name": "BTC-31MAR23-23000-C", "index_price": 23494.89, "direction": "sell", "amount": 1.0}, {"trade_seq": 5437, "trade_id": "244760003", "timestamp": 1678718282082, "tick_direction": 2, "price": 0.067, "mark_price": 0.06699238, "iv": 65.54, "instrument_name": "BTC-31MAR23-23000-C", "index_price": 23519.51, "direction": "sell", "amount": 0.2}, {"trade_seq": 5436, "trade_id": "244759390", "timestamp": 1678718187123, "tick_direction": 0, "price": 0.0675, "mark_price": 0.06770203, "iv": 65.63, "instrument_name": "BTC-31MAR23-23000-C", "index_price": 23548.9, "direction": "sell", "amount": 0.1}, {"trade_seq": 5435, "trade_id": "244757008", "timestamp": 1678717926616, "tick_direction": 3, "price": 0.067, "mark_price": 0.06747514, "iv": 65.22, "instrument_name": "BTC-31MAR23-23000-C", "index_price": 23526.47, "direction": "buy", "amount": 0.4}, {"trade_seq": 5434, "trade_id": "244756958", "timestamp": 1678717922065, "tick_direction": 3, "price": 0.067, "mark_price": 0.06727878, "iv": 65.46, "instrument_name": "BTC-31MAR23-23000-C", "index_price": 23503.3, "direction": "buy", "amount": 0.1}, {"trade_seq": 5433, "trade_id": "244756957", "timestamp": 1678717922065, "tick_direction": 2, "price": 0.067, "mark_price": 0.06727878, "iv": 65.46, "instrument_name": "BTC-31MAR23-23000-C", "index_price": 23503.3, "direction": "buy", "amount": 0.1}, {"trade_seq": 5432, "trade_id": "244752942", "timestamp": 1678717682158, "tick_direction": 0, "price": 0.0693, "mark_price": 0.06727133, "iv": 68.22, "instrument_name": "BTC-31MAR23-23000-C", "index_price": 23523.26, "direction": "buy", "combo_id": "BTC-CS-31MAR23-22000_23000", "block_trade_id": "67922", "amount": 12.5}, {"trade_seq": 5431, "trade_id": "244752873", "timestamp": 1678717679120, "tick_direction": 3, "price": 0.065, "mark_price": 0.06719744, "iv": 63.29, "instrument_name": "BTC-31MAR23-23000-C", "index_price": 23509.15, "direction": "buy", "amount": 5.1}, {"trade_seq": 5430, "trade_id": "244752810", "timestamp": 1678717676804, "tick_direction": 2, "price": 0.065, "mark_price": 0.06736085, "iv": 63.04, "instrument_name": "BTC-31MAR23-23000-C", "index_price": 23518.6, "direction": "buy", "amount": 1.1}, {"trade_seq": 5429, "trade_id": "244752723", "timestamp": 1678717673404, "tick_direction": 3, "price": 0.0655, "mark_price": 0.06769348, "iv": 63.23, "instrument_name": "BTC-31MAR23-23000-C", "index_price": 23532.38, "direction": "buy", "amount": 7.1}, {"trade_seq": 5428, "trade_id": "244752720", "timestamp": 1678717673358, "tick_direction": 3, "price": 0.0655, "mark_price": 0.06769348, "iv": 63.23, "instrument_name": "BTC-31MAR23-23000-C", "index_price": 23532.38, "direction": "buy", "amount": 6.9}, {"trade_seq": 5427, "trade_id": "244752719", "timestamp": 1678717673354, "tick_direction": 2, "price": 0.0655, "mark_price": 0.06769348, "iv": 63.23, "instrument_name": "BTC-31MAR23-23000-C", "index_price": 23532.38, "direction": "buy", "amount": 1.0}, {"trade_seq": 5426, "trade_id": "244752477", "timestamp": 1678717657849, "tick_direction": 0, "price": 0.067, "mark_price": 0.0683493, "iv": 64.18, "instrument_name": "BTC-31MAR23-23000-C", "index_price": 23558.28, "direction": "buy", "amount": 3.0}, {"trade_seq": 5425, "trade_id": "244752398", "timestamp": 1678717652186, "tick_direction": 3, "price": 0.066, "mark_price": 0.06848556, "iv": 63.15, "instrument_name": "BTC-31MAR23-23000-C", "index_price": 23545.12, "direction": "buy", "amount": 3.1}, {"trade_seq": 5424, "trade_id": "244752396", "timestamp": 1678717652162, "tick_direction": 2, "price": 0.066, "mark_price": 0.06848556, "iv": 63.15, "instrument_name": "BTC-31MAR23-23000-C", "index_price": 23545.12, "direction": "buy", "amount": 4.7}, {"trade_seq": 5423, "trade_id": "244752393", "timestamp": 1678717651640, "tick_direction": 2, "price": 0.0665, "mark_price": 0.06848556, "iv": 63.37, "instrument_name": "BTC-31MAR23-23000-C", "index_price": 23557.55, "direction": "buy", "amount": 0.1}, {"trade_seq": 5422, "trade_id": "244752281", "timestamp": 1678717646002, "tick_direction": 0, "price": 0.068, "mark_price": 0.06849, "iv": 65.02, "instrument_name": "BTC-31MAR23-23000-C", "index_price": 23569.48, "direction": "buy", "amount": 0.1}, {"trade_seq": 5421, "trade_id": "244751875", "timestamp": 1678717619207, "tick_direction": 2, "price": 0.0665, "mark_price": 0.06823624, "iv": 63.21, "instrument_name": "BTC-31MAR23-23000-C", "index_price": 23543.4, "direction": "buy", "amount": 6.8}, {"trade_seq": 5420, "trade_id": "244750531", "timestamp": 1678717545802, "tick_direction": 1, "price": 0.068, "mark_price": 0.06822984, "iv": 64.77, "instrument_name": "BTC-31MAR23-23000-C", "index_price": 23539.88, "direction": "sell", "amount": 0.2}, {"trade_seq": 5419, "trade_id": "244749060", "timestamp": 1678717483813, "tick_direction": 0, "price": 0.068, "mark_price": 0.06815691, "iv": 64.95, "instrument_name": "BTC-31MAR23-23000-C", "index_price": 23556.23, "direction": "buy", "amount": 3.0}, {"trade_seq": 5418, "trade_id": "244744204", "timestamp": 1678717341402, "tick_direction": 0, "price": 0.0645, "mark_price": 0.0641323, "iv": 63.87, "instrument_name": "BTC-31MAR23-23000-C", "index_price": 23442.69, "direction": "sell", "amount": 3.7}, {"trade_seq": 5417, "trade_id": "244742595", "timestamp": 1678717295505, "tick_direction": 0, "price": 0.0625, "mark_price": 0.06138487, "iv": 65.14, "instrument_name": "BTC-31MAR23-23000-C", "index_price": 23353.72, "direction": "sell", "amount": 5.5}, {"trade_seq": 5416, "trade_id": "244741581", "timestamp": 1678717252542, "tick_direction": 0, "price": 0.0595, "mark_price": 0.05832354, "iv": 64.75, "instrument_name": "BTC-31MAR23-23000-C", "index_price": 23248.01, "direction": "buy", "amount": 0.5}, {"trade_seq": 5415, "trade_id": "244741520", "timestamp": 1678717252264, "tick_direction": 0, "price": 0.059, "mark_price": 0.05831861, "iv": 64.18, "instrument_name": "BTC-31MAR23-23000-C", "index_price": 23248.01, "direction": "buy", "amount": 6.0}, {"trade_seq": 5414, "trade_id": "244741301", "timestamp": 1678717244624, "tick_direction": 3, "price": 0.058, "mark_price": 0.05812885, "iv": 63.25, "instrument_name": "BTC-31MAR23-23000-C", "index_price": 23215.89, "direction": "buy", "amount": 7.4}, {"trade_seq": 5413, "trade_id": "244741148", "timestamp": 1678717237004, "tick_direction": 2, "price": 0.058, "mark_price": 0.05877346, "iv": 62.7, "instrument_name": "BTC-31MAR23-23000-C", "index_price": 23226.44, "direction": "buy", "amount": 7.0}, {"trade_seq": 5412, "trade_id": "244738847", "timestamp": 1678717121917, "tick_direction": 0, "price": 0.0595, "mark_price": 0.05849323, "iv": 64.37, "instrument_name": "BTC-31MAR23-23000-C", "index_price": 23212.33, "direction": "buy", "amount": 5.0}, {"trade_seq": 5411, "trade_id": "244738846", "timestamp": 1678717121917, "tick_direction": 0, "price": 0.059, "mark_price": 0.05849323, "iv": 63.8, "instrument_name": "BTC-31MAR23-23000-C", "index_price": 23212.33, "direction": "buy", "amount": 2.4}, {"trade_seq": 5410, "trade_id": "244737909", "timestamp": 1678717080972, "tick_direction": 0, "price": 0.057, "mark_price": 0.05641176, "iv": 63.75, "instrument_name": "BTC-31MAR23-23000-C", "index_price": 23125.52, "direction": "sell", "amount": 1.0}, {"trade_seq": 5409, "trade_id": "244735960", "timestamp": 1678716976894, "tick_direction": 0, "price": 0.055, "mark_price": 0.0550478, "iv": 62.78, "instrument_name": "BTC-31MAR23-23000-C", "index_price": 23073.46, "direction": "buy", "amount": 1.0}, {"trade_seq": 5408, "trade_id": "244735553", "timestamp": 1678716908004, "tick_direction": 3, "price": 0.054, "mark_price": 0.05401861, "iv": 62.93, "instrument_name": "BTC-31MAR23-23000-C", "index_price": 23013.79, "direction": "buy", "amount": 1.1}, {"trade_seq": 5407, "trade_id": "244735552", "timestamp": 1678716908004, "tick_direction": 2, "price": 0.054, "mark_price": 0.05401861, "iv": 62.93, "instrument_name": "BTC-31MAR23-23000-C", "index_price": 23013.79, "direction": "buy", "amount": 1.0}, {"trade_seq": 5406, "trade_id": "244735306", "timestamp": 1678716887213, "tick_direction": 1, "price": 0.055, "mark_price": 0.0550629, "iv": 62.82, "instrument_name": "BTC-31MAR23-23000-C", "index_price": 23055.67, "direction": "sell", "amount": 0.2}, {"trade_seq": 5405, "trade_id": "244734742", "timestamp": 1678716824634, "tick_direction": 1, "price": 0.055, "mark_price": 0.05537354, "iv": 62.45, "instrument_name": "BTC-31MAR23-23000-C", "index_price": 23055.46, "direction": "buy", "amount": 4.0}, {"trade_seq": 5404, "trade_id": "244734741", "timestamp": 1678716824634, "tick_direction": 1, "price": 0.055, "mark_price": 0.05537354, "iv": 62.45, "instrument_name": "BTC-31MAR23-23000-C", "index_price": 23055.46, "direction": "buy", "amount": 3.1}, {"trade_seq": 5403, "trade_id": "244734740", "timestamp": 1678716824634, "tick_direction": 0, "price": 0.055, "mark_price": 0.05537354, "iv": 62.45, "instrument_name": "BTC-31MAR23-23000-C", "index_price": 23055.46, "direction": "buy", "amount": 6.7}, {"trade_seq": 5402, "trade_id": "244733214", "timestamp": 1678716700624, "tick_direction": 1, "price": 0.0535, "mark_price": 0.05366008, "iv": 63.06, "instrument_name": "BTC-31MAR23-23000-C", "index_price": 22945.26, "direction": "buy", "amount": 0.2}, {"trade_seq": 5401, "trade_id": "244733213", "timestamp": 1678716700613, "tick_direction": 1, "price": 0.0535, "mark_price": 0.05366008, "iv": 63.06, "instrument_name": "BTC-31MAR23-23000-C", "index_price": 22945.26, "direction": "buy", "amount": 0.2}, {"trade_seq": 5400, "trade_id": "244733212", "timestamp": 1678716700603, "tick_direction": 0, "price": 0.0535, "mark_price": 0.05366008, "iv": 63.06, "instrument_name": "BTC-31MAR23-23000-C", "index_price": 22945.26, "direction": "buy", "amount": 1.7}, {"trade_seq": 5399, "trade_id": "244727199", "timestamp": 1678716504466, "tick_direction": 0, "price": 0.049, "mark_price": 0.04734627, "iv": 63.83, "instrument_name": "BTC-31MAR23-23000-C", "index_price": 22727.36, "direction": "buy", "amount": 0.1}, {"trade_seq": 5398, "trade_id": "244726117", "timestamp": 1678716430715, "tick_direction": 1, "price": 0.0465, "mark_price": 0.04668419, "iv": 62.78, "instrument_name": "BTC-31MAR23-23000-C", "index_price": 22617.43, "direction": "sell", "amount": 2.1}, {"trade_seq": 5397, "trade_id": "244725918", "timestamp": 1678716385426, "tick_direction": 0, "price": 0.0465, "mark_price": 0.04643766, "iv": 62.96, "instrument_name": "BTC-31MAR23-23000-C", "index_price": 22612.7, "direction": "sell", "amount": 0.6}, {"trade_seq": 5396, "trade_id": "244719799", "timestamp": 1678715261332, "tick_direction": 2, "price": 0.044, "mark_price": 0.0442665, "iv": 62.57, "instrument_name": "BTC-31MAR23-23000-C", "index_price": 22491.79, "direction": "buy", "amount": 0.1}, {"trade_seq": 5395, "trade_id": "244712781", "timestamp": 1678713826361, "tick_direction": 2, "price": 0.0465, "mark_price": 0.04656868, "iv": 62.83, "instrument_name": "BTC-31MAR23-23000-C", "index_price": 22598.6, "direction": "buy", "amount": 1.0}, {"trade_seq": 5394, "trade_id": "244710136", "timestamp": 1678713551454, "tick_direction": 1, "price": 0.0475, "mark_price": 0.04779595, "iv": 63.03, "instrument_name": "BTC-31MAR23-23000-C", "index_price": 22616.64, "direction": "sell", "amount": 0.7}, {"trade_seq": 5393, "trade_id": "244710131", "timestamp": 1678713551416, "tick_direction": 0, "price": 0.0475, "mark_price": 0.04779595, "iv": 63.03, "instrument_name": "BTC-31MAR23-23000-C", "index_price": 22616.64, "direction": "sell", "amount": 1.0}, {"trade_seq": 5392, "trade_id": "244706692", "timestamp": 1678713245819, "tick_direction": 0, "price": 0.0435, "mark_price": 0.04351866, "iv": 63.15, "instrument_name": "BTC-31MAR23-23000-C", "index_price": 22406.18, "direction": "sell", "amount": 1.0}, {"trade_seq": 5391, "trade_id": "244706649", "timestamp": 1678713231909, "tick_direction": 1, "price": 0.043, "mark_price": 0.04333358, "iv": 62.85, "instrument_name": "BTC-31MAR23-23000-C", "index_price": 22396.53, "direction": "buy", "amount": 0.7}, {"trade_seq": 5390, "trade_id": "244706638", "timestamp": 1678713227189, "tick_direction": 0, "price": 0.043, "mark_price": 0.04335317, "iv": 62.77, "instrument_name": "BTC-31MAR23-23000-C", "index_price": 22400.47, "direction": "sell", "amount": 0.7}, {"trade_seq": 5389, "trade_id": "244697924", "timestamp": 1678712196679, "tick_direction": 0, "price": 0.0365, "mark_price": 0.0363354, "iv": 60.25, "instrument_name": "BTC-31MAR23-23000-C", "index_price": 22142.19, "direction": "sell", "amount": 0.7}, {"trade_seq": 5388, "trade_id": "244697428", "timestamp": 1678712064611, "tick_direction": 0, "price": 0.0345, "mark_price": 0.03450065, "iv": 58.84, "instrument_name": "BTC-31MAR23-23000-C", "index_price": 22096.56, "direction": "sell", "amount": 1.7}, {"trade_seq": 5387, "trade_id": "244696527", "timestamp": 1678711756707, "tick_direction": 2, "price": 0.033, "mark_price": 0.03278882, "iv": 58.41, "instrument_name": "BTC-31MAR23-23000-C", "index_price": 22020.49, "direction": "sell", "amount": 1.0}, {"trade_seq": 5386, "trade_id": "244695476", "timestamp": 1678711392333, "tick_direction": 1, "price": 0.0335, "mark_price": 0.03337562, "iv": 57.66, "instrument_name": "BTC-31MAR23-23000-C", "index_price": 22085.72, "direction": "sell", "amount": 1.2}, {"trade_seq": 5385, "trade_id": "244695058", "timestamp": 1678711194163, "tick_direction": 0, "price": 0.0335, "mark_price": 0.03352797, "iv": 57.52, "instrument_name": "BTC-31MAR23-23000-C", "index_price": 22102.84, "direction": "sell", "amount": 1.0}, {"trade_seq": 5384, "trade_id": "244690295", "timestamp": 1678708959652, "tick_direction": 0, "price": 0.033, "mark_price": 0.03306547, "iv": 56.27, "instrument_name": "BTC-31MAR23-23000-C", "index_price": 22145.87, "direction": "buy", "amount": 3.0}, {"trade_seq": 5383, "trade_id": "244686204", "timestamp": 1678706633679, "tick_direction": 3, "price": 0.0325, "mark_price": 0.03286971, "iv": 55.77, "instrument_name": "BTC-31MAR23-23000-C", "index_price": 22155.63, "direction": "sell", "amount": 0.9}, {"trade_seq": 5382, "trade_id": "244686031", "timestamp": 1678706451751, "tick_direction": 2, "price": 0.0325, "mark_price": 0.03292037, "iv": 55.99, "instrument_name": "BTC-31MAR23-23000-C", "index_price": 22140.59, "direction": "sell", "amount": 1.5}, {"trade_seq": 5381, "trade_id": "244684945", "timestamp": 1678705725415, "tick_direction": 0, "price": 0.034, "mark_price": 0.03401295, "iv": 55.41, "instrument_name": "BTC-31MAR23-23000-C", "index_price": 22266.67, "direction": "sell", "amount": 2.0}, {"trade_seq": 5380, "trade_id": "244683617", "timestamp": 1678705190284, "tick_direction": 0, "price": 0.033, "mark_price": 0.03307897, "iv": 55.49, "instrument_name": "BTC-31MAR23-23000-C", "index_price": 22203.72, "direction": "sell", "amount": 1.2}, {"trade_seq": 5379, "trade_id": "244678738", "timestamp": 1678702821571, "tick_direction": 3, "price": 0.0295, "mark_price": 0.03014105, "iv": 55.7, "instrument_name": "BTC-31MAR23-23000-C", "index_price": 21953.36, "direction": "sell", "amount": 4.8}, {"trade_seq": 5378, "trade_id": "244678737", "timestamp": 1678702821571, "tick_direction": 3, "price": 0.0295, "mark_price": 0.03014105, "iv": 55.7, "instrument_name": "BTC-31MAR23-23000-C", "index_price": 21953.36, "direction": "sell", "amount": 1.0}, {"trade_seq": 5377, "trade_id": "244678736", "timestamp": 1678702821571, "tick_direction": 2, "price": 0.0295, "mark_price": 0.03014105, "iv": 55.7, "instrument_name": "BTC-31MAR23-23000-C", "index_price": 21953.36, "direction": "sell", "amount": 0.2}, {"trade_seq": 5376, "trade_id": "244677917", "timestamp": 1678702677551, "tick_direction": 3, "price": 0.03, "mark_price": 0.0302219, "iv": 56.32, "instrument_name": "BTC-31MAR23-23000-C", "index_price": 21957.68, "direction": "buy", "amount": 2.0}, {"trade_seq": 5375, "trade_id": "244677823", "timestamp": 1678702654300, "tick_direction": 3, "price": 0.03, "mark_price": 0.03021062, "iv": 56.34, "instrument_name": "BTC-31MAR23-23000-C", "index_price": 21955.1, "direction": "sell", "amount": 2.3}, {"trade_seq": 5374, "trade_id": "244677821", "timestamp": 1678702651233, "tick_direction": 3, "price": 0.03, "mark_price": 0.03025649, "iv": 56.3, "instrument_name": "BTC-31MAR23-23000-C", "index_price": 21958.76, "direction": "sell", "amount": 2.5}, {"trade_seq": 5373, "trade_id": "244677795", "timestamp": 1678702647920, "tick_direction": 3, "price": 0.03, "mark_price": 0.03023172, "iv": 56.34, "instrument_name": "BTC-31MAR23-23000-C", "index_price": 21957.74, "direction": "sell", "amount": 2.5}, {"trade_seq": 5372, "trade_id": "244677675", "timestamp": 1678702611981, "tick_direction": 2, "price": 0.03, "mark_price": 0.03058398, "iv": 56.09, "instrument_name": "BTC-31MAR23-23000-C", "index_price": 21967.62, "direction": "buy", "amount": 2.0}, {"trade_seq": 5371, "trade_id": "244676993", "timestamp": 1678702171020, "tick_direction": 0, "price": 0.0325, "mark_price": 0.03226619, "iv": 57.29, "instrument_name": "BTC-31MAR23-23000-C", "index_price": 22063.06, "direction": "buy", "amount": 1.3}, {"trade_seq": 5370, "trade_id": "244675393", "timestamp": 1678701579102, "tick_direction": 1, "price": 0.0315, "mark_price": 0.03127485, "iv": 56.44, "instrument_name": "BTC-31MAR23-23000-C", "index_price": 22052.16, "direction": "sell", "amount": 2.1}, {"trade_seq": 5369, "trade_id": "244675384", "timestamp": 1678701573933, "tick_direction": 0, "price": 0.0315, "mark_price": 0.03116872, "iv": 56.45, "instrument_name": "BTC-31MAR23-23000-C", "index_price": 22050.84, "direction": "sell", "amount": 0.6}, {"trade_seq": 5368, "trade_id": "244675097", "timestamp": 1678701362424, "tick_direction": 0, "price": 0.031, "mark_price": 0.03089844, "iv": 55.87, "instrument_name": "BTC-31MAR23-23000-C", "index_price": 22042.83, "direction": "buy", "amount": 1.0}, {"trade_seq": 5367, "trade_id": "244670909", "timestamp": 1678700235786, "tick_direction": 3, "price": 0.03, "mark_price": 0.02979535, "iv": 55.37, "instrument_name": "BTC-31MAR23-23000-C", "index_price": 22008.97, "direction": "sell", "amount": 0.7}, {"trade_seq": 5366, "trade_id": "244670073", "timestamp": 1678700125142, "tick_direction": 2, "price": 0.03, "mark_price": 0.02992726, "iv": 54.94, "instrument_name": "BTC-31MAR23-23000-C", "index_price": 22034.39, "direction": "sell", "amount": 2.6}, {"trade_seq": 5365, "trade_id": "244667977", "timestamp": 1678699911579, "tick_direction": 2, "price": 0.0315, "mark_price": 0.03126054, "iv": 54.85, "instrument_name": "BTC-31MAR23-23000-C", "index_price": 22127.66, "direction": "sell", "amount": 0.7}, {"trade_seq": 5364, "trade_id": "244664839", "timestamp": 1678698748424, "tick_direction": 2, "price": 0.0325, "mark_price": 0.03285913, "iv": 53.27, "instrument_name": "BTC-31MAR23-23000-C", "index_price": 22259.35, "direction": "sell", "amount": 0.9}, {"trade_seq": 5363, "trade_id": "244663270", "timestamp": 1678698371748, "tick_direction": 0, "price": 0.0335, "mark_price": 0.03386777, "iv": 53.4, "instrument_name": "BTC-31MAR23-23000-C", "index_price": 22303.14, "direction": "sell", "amount": 1.0}, {"trade_seq": 5362, "trade_id": "244662071", "timestamp": 1678698094625, "tick_direction": 3, "price": 0.0315, "mark_price": 0.03310612, "iv": 52.33, "instrument_name": "BTC-31MAR23-23000-C", "index_price": 22245.49, "direction": "buy", "amount": 46.0}, {"trade_seq": 5361, "trade_id": "244662070", "timestamp": 1678698094603, "tick_direction": 3, "price": 0.0315, "mark_price": 0.03310612, "iv": 52.33, "instrument_name": "BTC-31MAR23-23000-C", "index_price": 22245.49, "direction": "sell", "amount": 3.7}, {"trade_seq": 5360, "trade_id": "244662069", "timestamp": 1678698094603, "tick_direction": 3, "price": 0.0315, "mark_price": 0.03310612, "iv": 52.33, "instrument_name": "BTC-31MAR23-23000-C", "index_price": 22245.49, "direction": "sell", "amount": 6.0}, {"trade_seq": 5359, "trade_id": "244662068", "timestamp": 1678698094603, "tick_direction": 3, "price": 0.0315, "mark_price": 0.03310612, "iv": 52.33, "instrument_name": "BTC-31MAR23-23000-C", "index_price": 22245.49, "direction": "sell", "amount": 9.5}, {"trade_seq": 5358, "trade_id": "244662067", "timestamp": 1678698094603, "tick_direction": 2, "price": 0.0315, "mark_price": 0.03310612, "iv": 52.33, "instrument_name": "BTC-31MAR23-23000-C", "index_price": 22245.49, "direction": "sell", "amount": 17.0}, {"trade_seq": 5357, "trade_id": "244662012", "timestamp": 1678698086668, "tick_direction": 3, "price": 0.032, "mark_price": 0.03279471, "iv": 53.3, "instrument_name": "BTC-31MAR23-23000-C", "index_price": 22226.02, "direction": "sell", "amount": 5.3}, {"trade_seq": 5356, "trade_id": "244662011", "timestamp": 1678698086668, "tick_direction": 3, "price": 0.032, "mark_price": 0.03279471, "iv": 53.3, "instrument_name": "BTC-31MAR23-23000-C", "index_price": 22226.02, "direction": "sell", "amount": 4.1}, {"trade_seq": 5355, "trade_id": "244662010", "timestamp": 1678698086668, "tick_direction": 2, "price": 0.032, "mark_price": 0.03279471, "iv": 53.3, "instrument_name": "BTC-31MAR23-23000-C", "index_price": 22226.02, "direction": "sell", "amount": 7.0}, {"trade_seq": 5354, "trade_id": "244662009", "timestamp": 1678698086668, "tick_direction": 2, "price": 0.0325, "mark_price": 0.03279471, "iv": 53.88, "instrument_name": "BTC-31MAR23-23000-C", "index_price": 22226.02, "direction": "sell", "amount": 1.4}, {"trade_seq": 5353, "trade_id": "244660878", "timestamp": 1678697737901, "tick_direction": 2, "price": 0.034, "mark_price": 0.03426893, "iv": 53.77, "instrument_name": "BTC-31MAR23-23000-C", "index_price": 22314.17, "direction": "sell", "amount": 1.4}, {"trade_seq": 5352, "trade_id": "244657375", "timestamp": 1678696842162, "tick_direction": 1, "price": 0.036, "mark_price": 0.03655256, "iv": 53.86, "instrument_name": "BTC-31MAR23-23000-C", "index_price": 22421.24, "direction": "sell", "amount": 0.8}, {"trade_seq": 5351, "trade_id": "244657373", "timestamp": 1678696841616, "tick_direction": 0, "price": 0.036, "mark_price": 0.03655256, "iv": 53.88, "instrument_name": "BTC-31MAR23-23000-C", "index_price": 22421.24, "direction": "sell", "amount": 0.5}, {"trade_seq": 5350, "trade_id": "244657106", "timestamp": 1678696710766, "tick_direction": 3, "price": 0.0355, "mark_price": 0.03670053, "iv": 53.38, "instrument_name": "BTC-31MAR23-23000-C", "index_price": 22413.29, "direction": "buy", "amount": 41.0}, {"trade_seq": 5349, "trade_id": "244657105", "timestamp": 1678696710752, "tick_direction": 3, "price": 0.0355, "mark_price": 0.03670053, "iv": 53.38, "instrument_name": "BTC-31MAR23-23000-C", "index_price": 22413.29, "direction": "buy", "amount": 25.2}, {"trade_seq": 5348, "trade_id": "244657104", "timestamp": 1678696710749, "tick_direction": 3, "price": 0.0355, "mark_price": 0.03670053, "iv": 53.38, "instrument_name": "BTC-31MAR23-23000-C", "index_price": 22413.29, "direction": "sell", "amount": 0.1}, {"trade_seq": 5347, "trade_id": "244657103", "timestamp": 1678696710749, "tick_direction": 3, "price": 0.0355, "mark_price": 0.03670053, "iv": 53.38, "instrument_name": "BTC-31MAR23-23000-C", "index_price": 22413.29, "direction": "sell", "amount": 19.0}, {"trade_seq": 5346, "trade_id": "244657102", "timestamp": 1678696710749, "tick_direction": 3, "price": 0.0355, "mark_price": 0.03670053, "iv": 53.38, "instrument_name": "BTC-31MAR23-23000-C", "index_price": 22413.29, "direction": "sell", "amount": 1.8}, {"trade_seq": 5345, "trade_id": "244657101", "timestamp": 1678696710749, "tick_direction": 2, "price": 0.0355, "mark_price": 0.03670053, "iv": 53.38, "instrument_name": "BTC-31MAR23-23000-C", "index_price": 22413.29, "direction": "sell", "amount": 12.9}, {"trade_seq": 5344, "trade_id": "244656731", "timestamp": 1678696534952, "tick_direction": 3, "price": 0.036, "mark_price": 0.03721182, "iv": 53.8, "instrument_name": "BTC-31MAR23-23000-C", "index_price": 22419.36, "direction": "buy", "amount": 37.4}, {"trade_seq": 5343, "trade_id": "244656730", "timestamp": 1678696534943, "tick_direction": 3, "price": 0.036, "mark_price": 0.03721182, "iv": 53.8, "instrument_name": "BTC-31MAR23-23000-C", "index_price": 22419.36, "direction": "sell", "amount": 5.6}, {"trade_seq": 5342, "trade_id": "244656729", "timestamp": 1678696534943, "tick_direction": 3, "price": 0.036, "mark_price": 0.03721182, "iv": 53.8, "instrument_name": "BTC-31MAR23-23000-C", "index_price": 22419.36, "direction": "sell", "amount": 2.4}, {"trade_seq": 5341, "trade_id": "244656728", "timestamp": 1678696534943, "tick_direction": 3, "price": 0.036, "mark_price": 0.03721182, "iv": 53.8, "instrument_name": "BTC-31MAR23-23000-C", "index_price": 22419.36, "direction": "sell", "amount": 12.9}, {"trade_seq": 5340, "trade_id": "244656727", "timestamp": 1678696534943, "tick_direction": 2, "price": 0.036, "mark_price": 0.03721182, "iv": 53.8, "instrument_name": "BTC-31MAR23-23000-C", "index_price": 22419.36, "direction": "sell", "amount": 4.4}, {"trade_seq": 5339, "trade_id": "244656686", "timestamp": 1678696521693, "tick_direction": 3, "price": 0.0365, "mark_price": 0.03735944, "iv": 54.24, "instrument_name": "BTC-31MAR23-23000-C", "index_price": 22427.4, "direction": "buy", "amount": 4.6}, {"trade_seq": 5338, "trade_id": "244656685", "timestamp": 1678696521666, "tick_direction": 3, "price": 0.0365, "mark_price": 0.03735944, "iv": 54.24, "instrument_name": "BTC-31MAR23-23000-C", "index_price": 22427.4, "direction": "buy", "amount": 24.6}, {"trade_seq": 5337, "trade_id": "244656684", "timestamp": 1678696521663, "tick_direction": 3, "price": 0.0365, "mark_price": 0.03735944, "iv": 54.24, "instrument_name": "BTC-31MAR23-23000-C", "index_price": 22427.4, "direction": "sell", "amount": 4.0}, {"trade_seq": 5336, "trade_id": "244656683", "timestamp": 1678696521663, "tick_direction": 2, "price": 0.0365, "mark_price": 0.03735944, "iv": 54.24, "instrument_name": "BTC-31MAR23-23000-C", "index_price": 22427.4, "direction": "sell", "amount": 3.4}, {"trade_seq": 5335, "trade_id": "244656682", "timestamp": 1678696521663, "tick_direction": 2, "price": 0.037, "mark_price": 0.03735944, "iv": 54.81, "instrument_name": "BTC-31MAR23-23000-C", "index_price": 22427.4, "direction": "sell", "amount": 0.7}, {"trade_seq": 5334, "trade_id": "244656634", "timestamp": 1678696497155, "tick_direction": 3, "price": 0.0375, "mark_price": 0.0377171, "iv": 55.0, "instrument_name": "BTC-31MAR23-23000-C", "index_price": 22446.01, "direction": "sell", "amount": 0.2}, {"trade_seq": 5333, "trade_id": "244656015", "timestamp": 1678696169961, "tick_direction": 2, "price": 0.0375, "mark_price": 0.03745204, "iv": 55.12, "instrument_name": "BTC-31MAR23-23000-C", "index_price": 22443.18, "direction": "sell", "amount": 0.2}, {"trade_seq": 5332, "trade_id": "244654281", "timestamp": 1678695309495, "tick_direction": 3, "price": 0.038, "mark_price": 0.03786299, "iv": 54.66, "instrument_name": "BTC-31MAR23-23000-C", "index_price": 22493.4, "direction": "sell", "amount": 0.2}, {"trade_seq": 5331, "trade_id": "244653383", "timestamp": 1678695066352, "tick_direction": 2, "price": 0.038, "mark_price": 0.03779634, "iv": 54.03, "instrument_name": "BTC-31MAR23-23000-C", "index_price": 22518.44, "direction": "sell", "amount": 0.2}, {"trade_seq": 5330, "trade_id": "244651243", "timestamp": 1678694783562, "tick_direction": 0, "price": 0.039, "mark_price": 0.03881025, "iv": 53.39, "instrument_name": "BTC-31MAR23-23000-C", "index_price": 22602.96, "direction": "buy", "amount": 1.5}, {"trade_seq": 5329, "trade_id": "244651072", "timestamp": 1678694754521, "tick_direction": 0, "price": 0.038, "mark_price": 0.03856122, "iv": 52.6, "instrument_name": "BTC-31MAR23-23000-C", "index_price": 22582.25, "direction": "sell", "amount": 1.0}, {"trade_seq": 5328, "trade_id": "244642766", "timestamp": 1678692766226, "tick_direction": 0, "price": 0.035, "mark_price": 0.03487196, "iv": 52.34, "instrument_name": "BTC-31MAR23-23000-C", "index_price": 22481.55, "direction": "sell", "amount": 3.4}, {"trade_seq": 5327, "trade_id": "244639350", "timestamp": 1678691840605, "tick_direction": 1, "price": 0.034, "mark_price": 0.03397521, "iv": 51.81, "instrument_name": "BTC-31MAR23-23000-C", "index_price": 22451.8, "direction": "sell", "amount": 1.5}, {"trade_seq": 5326, "trade_id": "244639207", "timestamp": 1678691799408, "tick_direction": 1, "price": 0.034, "mark_price": 0.03391204, "iv": 51.87, "instrument_name": "BTC-31MAR23-23000-C", "index_price": 22452.03, "direction": "sell", "amount": 0.2}, {"trade_seq": 5325, "trade_id": "244639183", "timestamp": 1678691796029, "tick_direction": 0, "price": 0.034, "mark_price": 0.03393768, "iv": 51.86, "instrument_name": "BTC-31MAR23-23000-C", "index_price": 22452.01, "direction": "sell", "amount": 1.6}, {"trade_seq": 5324, "trade_id": "244638620", "timestamp": 1678691549350, "tick_direction": 3, "price": 0.0335, "mark_price": 0.03353054, "iv": 51.65, "instrument_name": "BTC-31MAR23-23000-C", "index_price": 22436.73, "direction": "sell", "amount": 0.6}, {"trade_seq": 5323, "trade_id": "244638595", "timestamp": 1678691460258, "tick_direction": 3, "price": 0.0335, "mark_price": 0.03360947, "iv": 51.52, "instrument_name": "BTC-31MAR23-23000-C", "index_price": 22443.5, "direction": "sell", "amount": 0.8}, {"trade_seq": 5322, "trade_id": "244638180", "timestamp": 1678691217004, "tick_direction": 3, "price": 0.0335, "mark_price": 0.0336124, "iv": 51.48, "instrument_name": "BTC-31MAR23-23000-C", "index_price": 22439.96, "direction": "sell", "amount": 0.9}, {"trade_seq": 5321, "trade_id": "244632437", "timestamp": 1678688098261, "tick_direction": 3, "price": 0.0335, "mark_price": 0.03333052, "iv": 51.49, "instrument_name": "BTC-31MAR23-23000-C", "index_price": 22413.49, "direction": "sell", "combo_id": "BTC-RR-31MAR23-21500_23000", "block_trade_id": "67773", "amount": 150.0}, {"trade_seq": 5320, "trade_id": "244631288", "timestamp": 1678687705701, "tick_direction": 2, "price": 0.0335, "mark_price": 0.03375846, "iv": 50.79, "instrument_name": "BTC-31MAR23-23000-C", "index_price": 22431.73, "direction": "sell", "amount": 1.9}, {"trade_seq": 5319, "trade_id": "244630959", "timestamp": 1678687618738, "tick_direction": 0, "price": 0.0345, "mark_price": 0.03478084, "iv": 50.8, "instrument_name": "BTC-31MAR23-23000-C", "index_price": 22481.83, "direction": "sell", "amount": 0.2}, {"trade_seq": 5318, "trade_id": "244624193", "timestamp": 1678683131336, "tick_direction": 2, "price": 0.0335, "mark_price": 0.03366673, "iv": 50.39, "instrument_name": "BTC-31MAR23-23000-C", "index_price": 22464.99, "direction": "sell", "amount": 0.3}, {"trade_seq": 5317, "trade_id": "244623581", "timestamp": 1678683000971, "tick_direction": 1, "price": 0.034, "mark_price": 0.03388261, "iv": 50.64, "instrument_name": "BTC-31MAR23-23000-C", "index_price": 22483.75, "direction": "sell", "amount": 0.6}, {"trade_seq": 5316, "trade_id": "244621505", "timestamp": 1678681603044, "tick_direction": 0, "price": 0.034, "mark_price": 0.03440631, "iv": 50.34, "instrument_name": "BTC-31MAR23-23000-C", "index_price": 22484.11, "direction": "sell", "amount": 1.5}, {"trade_seq": 5315, "trade_id": "244620870", "timestamp": 1678681372707, "tick_direction": 1, "price": 0.0335, "mark_price": 0.03405749, "iv": 50.25, "instrument_name": "BTC-31MAR23-23000-C", "index_price": 22467.96, "direction": "buy", "amount": 0.5}, {"trade_seq": 5314, "trade_id": "244620862", "timestamp": 1678681370232, "tick_direction": 1, "price": 0.0335, "mark_price": 0.03412734, "iv": 50.19, "instrument_name": "BTC-31MAR23-23000-C", "index_price": 22469.59, "direction": "buy", "amount": 4.2}, {"trade_seq": 5313, "trade_id": "244620853", "timestamp": 1678681368391, "tick_direction": 1, "price": 0.0335, "mark_price": 0.03412945, "iv": 50.2, "instrument_name": "BTC-31MAR23-23000-C", "index_price": 22470.94, "direction": "buy", "amount": 4.2}, {"trade_seq": 5312, "trade_id": "244620846", "timestamp": 1678681367338, "tick_direction": 1, "price": 0.0335, "mark_price": 0.03415209, "iv": 50.18, "instrument_name": "BTC-31MAR23-23000-C", "index_price": 22471.6, "direction": "buy", "amount": 4.2}, {"trade_seq": 5311, "trade_id": "244620839", "timestamp": 1678681366620, "tick_direction": 1, "price": 0.0335, "mark_price": 0.03415209, "iv": 50.18, "instrument_name": "BTC-31MAR23-23000-C", "index_price": 22471.6, "direction": "buy", "amount": 4.2}, {"trade_seq": 5310, "trade_id": "244620697", "timestamp": 1678681305359, "tick_direction": 1, "price": 0.0335, "mark_price": 0.03437568, "iv": 50.18, "instrument_name": "BTC-31MAR23-23000-C", "index_price": 22470.47, "direction": "buy", "amount": 2.9}, {"trade_seq": 5309, "trade_id": "244620696", "timestamp": 1678681305357, "tick_direction": 1, "price": 0.0335, "mark_price": 0.03437568, "iv": 50.18, "instrument_name": "BTC-31MAR23-23000-C", "index_price": 22470.47, "direction": "buy", "amount": 7.0}, {"trade_seq": 5308, "trade_id": "244620211", "timestamp": 1678681281898, "tick_direction": 1, "price": 0.0335, "mark_price": 0.03435542, "iv": 50.52, "instrument_name": "BTC-31MAR23-23000-C", "index_price": 22453.26, "direction": "buy", "amount": 22.8}, {"trade_seq": 5307, "trade_id": "244620210", "timestamp": 1678681281893, "tick_direction": 1, "price": 0.0335, "mark_price": 0.03435542, "iv": 50.52, "instrument_name": "BTC-31MAR23-23000-C", "index_price": 22453.26, "direction": "sell", "amount": 6.3}, {"trade_seq": 5306, "trade_id": "244620209", "timestamp": 1678681281893, "tick_direction": 1, "price": 0.0335, "mark_price": 0.03435542, "iv": 50.52, "instrument_name": "BTC-31MAR23-23000-C", "index_price": 22453.26, "direction": "sell", "amount": 0.6}, {"trade_seq": 5305, "trade_id": "244620208", "timestamp": 1678681281893, "tick_direction": 0, "price": 0.0335, "mark_price": 0.03435542, "iv": 50.52, "instrument_name": "BTC-31MAR23-23000-C", "index_price": 22453.26, "direction": "sell", "amount": 3.1}, {"trade_seq": 5304, "trade_id": "244616962", "timestamp": 1678680324162, "tick_direction": 2, "price": 0.032, "mark_price": 0.03252387, "iv": 51.06, "instrument_name": "BTC-31MAR23-23000-C", "index_price": 22333.51, "direction": "sell", "amount": 0.5}, {"trade_seq": 5303, "trade_id": "244615446", "timestamp": 1678678984288, "tick_direction": 1, "price": 0.0325, "mark_price": 0.03263377, "iv": 51.97, "instrument_name": "BTC-31MAR23-23000-C", "index_price": 22333.69, "direction": "sell", "amount": 1.5}, {"trade_seq": 5302, "trade_id": "244614309", "timestamp": 1678678592609, "tick_direction": 0, "price": 0.0325, "mark_price": 0.03292825, "iv": 51.69, "instrument_name": "BTC-31MAR23-23000-C", "index_price": 22354.43, "direction": "sell", "amount": 0.2}, {"trade_seq": 5301, "trade_id": "244609511", "timestamp": 1678677324792, "tick_direction": 2, "price": 0.032, "mark_price": 0.0323002, "iv": 52.15, "instrument_name": "BTC-31MAR23-23000-C", "index_price": 22302.29, "direction": "sell", "amount": 0.9}, {"trade_seq": 5300, "trade_id": "244602035", "timestamp": 1678675395636, "tick_direction": 3, "price": 0.033, "mark_price": 0.03305332, "iv": 52.9, "instrument_name": "BTC-31MAR23-23000-C", "index_price": 22366.32, "direction": "sell", "amount": 0.9}, {"trade_seq": 5299, "trade_id": "244601900", "timestamp": 1678675326700, "tick_direction": 3, "price": 0.033, "mark_price": 0.03322574, "iv": 52.75, "instrument_name": "BTC-31MAR23-23000-C", "index_price": 22377.01, "direction": "sell", "amount": 0.9}, {"trade_seq": 5298, "trade_id": "244601871", "timestamp": 1678675310739, "tick_direction": 2, "price": 0.033, "mark_price": 0.03328492, "iv": 52.69, "instrument_name": "BTC-31MAR23-23000-C", "index_price": 22379.7, "direction": "sell", "amount": 1.7}, {"trade_seq": 5297, "trade_id": "244601042", "timestamp": 1678675009451, "tick_direction": 0, "price": 0.034, "mark_price": 0.03441388, "iv": 52.7, "instrument_name": "BTC-31MAR23-23000-C", "index_price": 22442.67, "direction": "sell", "amount": 0.6}, {"trade_seq": 5296, "trade_id": "244599042", "timestamp": 1678674541925, "tick_direction": 2, "price": 0.0325, "mark_price": 0.03270129, "iv": 53.2, "instrument_name": "BTC-31MAR23-23000-C", "index_price": 22363.88, "direction": "sell", "amount": 3.1}, {"trade_seq": 5295, "trade_id": "244594531", "timestamp": 1678674020185, "tick_direction": 2, "price": 0.0345, "mark_price": 0.0347287, "iv": 53.39, "instrument_name": "BTC-31MAR23-23000-C", "index_price": 22420.72, "direction": "sell", "amount": 0.6}, {"trade_seq": 5294, "trade_id": "244592143", "timestamp": 1678673659977, "tick_direction": 2, "price": 0.0355, "mark_price": 0.03625046, "iv": 52.63, "instrument_name": "BTC-31MAR23-23000-C", "index_price": 22508.55, "direction": "sell", "amount": 1.3}, {"trade_seq": 5293, "trade_id": "244591456", "timestamp": 1678673366760, "tick_direction": 0, "price": 0.036, "mark_price": 0.03657401, "iv": 52.73, "instrument_name": "BTC-31MAR23-23000-C", "index_price": 22534.4, "direction": "sell", "amount": 0.4}, {"trade_seq": 5292, "trade_id": "244589726", "timestamp": 1678672766975, "tick_direction": 1, "price": 0.0355, "mark_price": 0.03555805, "iv": 52.76, "instrument_name": "BTC-31MAR23-23000-C", "index_price": 22491.26, "direction": "sell", "amount": 0.8}, {"trade_seq": 5291, "trade_id": "244589207", "timestamp": 1678672522780, "tick_direction": 0, "price": 0.0355, "mark_price": 0.03587174, "iv": 52.45, "instrument_name": "BTC-31MAR23-23000-C", "index_price": 22505.26, "direction": "sell", "amount": 0.6}, {"trade_seq": 5290, "trade_id": "244589156", "timestamp": 1678672508045, "tick_direction": 3, "price": 0.035, "mark_price": 0.03582965, "iv": 52.0, "instrument_name": "BTC-31MAR23-23000-C", "index_price": 22496.87, "direction": "sell", "amount": 1.2}, {"trade_seq": 5289, "trade_id": "244589139", "timestamp": 1678672507751, "tick_direction": 3, "price": 0.035, "mark_price": 0.03577844, "iv": 52.0, "instrument_name": "BTC-31MAR23-23000-C", "index_price": 22496.87, "direction": "sell", "amount": 0.8}, {"trade_seq": 5288, "trade_id": "244589100", "timestamp": 1678672496131, "tick_direction": 2, "price": 0.035, "mark_price": 0.03587537, "iv": 52.09, "instrument_name": "BTC-31MAR23-23000-C", "index_price": 22497.22, "direction": "sell", "amount": 0.8}, {"trade_seq": 5287, "trade_id": "244588958", "timestamp": 1678672433246, "tick_direction": 3, "price": 0.0355, "mark_price": 0.03594391, "iv": 52.53, "instrument_name": "BTC-31MAR23-23000-C", "index_price": 22504.15, "direction": "sell", "amount": 0.2}, {"trade_seq": 5286, "trade_id": "244587155", "timestamp": 1678671826073, "tick_direction": 2, "price": 0.0355, "mark_price": 0.03580875, "iv": 52.41, "instrument_name": "BTC-31MAR23-23000-C", "index_price": 22494.68, "direction": "sell", "amount": 0.8}, {"trade_seq": 5285, "trade_id": "244583944", "timestamp": 1678670966570, "tick_direction": 2, "price": 0.036, "mark_price": 0.0370535, "iv": 52.47, "instrument_name": "BTC-31MAR23-23000-C", "index_price": 22528.04, "direction": "sell", "amount": 4.1}, {"trade_seq": 5284, "trade_id": "244574636", "timestamp": 1678669110781, "tick_direction": 1, "price": 0.04, "mark_price": 0.04009587, "iv": 54.45, "instrument_name": "BTC-31MAR23-23000-C", "index_price": 22655.27, "direction": "sell", "amount": 0.2}, {"trade_seq": 5283, "trade_id": "244574635", "timestamp": 1678669110593, "tick_direction": 1, "price": 0.04, "mark_price": 0.04009587, "iv": 54.45, "instrument_name": "BTC-31MAR23-23000-C", "index_price": 22655.27, "direction": "sell", "amount": 0.1}, {"trade_seq": 5282, "trade_id": "244574634", "timestamp": 1678669110568, "tick_direction": 1, "price": 0.04, "mark_price": 0.04009587, "iv": 54.45, "instrument_name": "BTC-31MAR23-23000-C", "index_price": 22655.27, "direction": "sell", "amount": 0.1}, {"trade_seq": 5281, "trade_id": "244574631", "timestamp": 1678669110504, "tick_direction": 0, "price": 0.04, "mark_price": 0.04009587, "iv": 54.45, "instrument_name": "BTC-31MAR23-23000-C", "index_price": 22655.27, "direction": "sell", "amount": 0.2}, {"trade_seq": 5280, "trade_id": "244557494", "timestamp": 1678666903856, "tick_direction": 0, "price": 0.035, "mark_price": 0.03427569, "iv": 55.51, "instrument_name": "BTC-31MAR23-23000-C", "index_price": 22359.34, "direction": "buy", "amount": 1.0}, {"trade_seq": 5279, "trade_id": "244554004", "timestamp": 1678666398970, "tick_direction": 3, "price": 0.031, "mark_price": 0.03147563, "iv": 54.7, "instrument_name": "BTC-31MAR23-23000-C", "index_price": 22154.14, "direction": "sell", "amount": 0.2}, {"trade_seq": 5278, "trade_id": "244553983", "timestamp": 1678666397823, "tick_direction": 2, "price": 0.031, "mark_price": 0.03149838, "iv": 54.73, "instrument_name": "BTC-31MAR23-23000-C", "index_price": 22151.2, "direction": "sell", "amount": 0.2}, {"trade_seq": 5277, "trade_id": "244550668", "timestamp": 1678665709433, "tick_direction": 0, "price": 0.0325, "mark_price": 0.03252915, "iv": 55.55, "instrument_name": "BTC-31MAR23-23000-C", "index_price": 22204.5, "direction": "buy", "amount": 1.0}, {"trade_seq": 5276, "trade_id": "244548712", "timestamp": 1678665533114, "tick_direction": 0, "price": 0.0315, "mark_price": 0.03229107, "iv": 54.47, "instrument_name": "BTC-31MAR23-23000-C", "index_price": 22186.91, "direction": "sell", "amount": 0.2}, {"trade_seq": 5275, "trade_id": "244544417", "timestamp": 1678665041380, "tick_direction": 0, "price": 0.0305, "mark_price": 0.03040589, "iv": 54.81, "instrument_name": "BTC-31MAR23-23000-C", "index_price": 22093.23, "direction": "buy", "amount": 2.1}, {"trade_seq": 5274, "trade_id": "244544340", "timestamp": 1678665039226, "tick_direction": 1, "price": 0.03, "mark_price": 0.03021917, "iv": 54.41, "instrument_name": "BTC-31MAR23-23000-C", "index_price": 22076.67, "direction": "buy", "amount": 1.4}, {"trade_seq": 5273, "trade_id": "244544339", "timestamp": 1678665039226, "tick_direction": 0, "price": 0.03, "mark_price": 0.03021917, "iv": 54.41, "instrument_name": "BTC-31MAR23-23000-C", "index_price": 22076.67, "direction": "buy", "amount": 0.3}, {"trade_seq": 5272, "trade_id": "244543263", "timestamp": 1678664893057, "tick_direction": 2, "price": 0.0295, "mark_price": 0.03016494, "iv": 54.11, "instrument_name": "BTC-31MAR23-23000-C", "index_price": 22055.14, "direction": "sell", "amount": 1.0}, {"trade_seq": 5271, "trade_id": "244542320", "timestamp": 1678664813099, "tick_direction": 2, "price": 0.032, "mark_price": 0.03119829, "iv": 55.72, "instrument_name": "BTC-31MAR23-23000-C", "index_price": 22144.29, "direction": "buy", "amount": 1.8}, {"trade_seq": 5270, "trade_id": "244542115", "timestamp": 1678664784273, "tick_direction": 0, "price": 0.0335, "mark_price": 0.03268434, "iv": 55.82, "instrument_name": "BTC-31MAR23-23000-C", "index_price": 22223.11, "direction": "buy", "amount": 5.0}, {"trade_seq": 5269, "trade_id": "244541623", "timestamp": 1678664764097, "tick_direction": 0, "price": 0.033, "mark_price": 0.0321276, "iv": 55.61, "instrument_name": "BTC-31MAR23-23000-C", "index_price": 22245.04, "direction": "buy", "amount": 1.0}, {"trade_seq": 5268, "trade_id": "244541622", "timestamp": 1678664764084, "tick_direction": 1, "price": 0.0325, "mark_price": 0.0321276, "iv": 55.03, "instrument_name": "BTC-31MAR23-23000-C", "index_price": 22245.04, "direction": "buy", "amount": 2.5}, {"trade_seq": 5267, "trade_id": "244541614", "timestamp": 1678664763988, "tick_direction": 1, "price": 0.0325, "mark_price": 0.0321276, "iv": 55.03, "instrument_name": "BTC-31MAR23-23000-C", "index_price": 22245.04, "direction": "buy", "amount": 1.2}, {"trade_seq": 5266, "trade_id": "244541603", "timestamp": 1678664763874, "tick_direction": 1, "price": 0.0325, "mark_price": 0.03184138, "iv": 55.03, "instrument_name": "BTC-31MAR23-23000-C", "index_price": 22245.04, "direction": "buy", "amount": 28.3}, {"trade_seq": 5265, "trade_id": "244541602", "timestamp": 1678664763874, "tick_direction": 1, "price": 0.0325, "mark_price": 0.03184138, "iv": 55.03, "instrument_name": "BTC-31MAR23-23000-C", "index_price": 22245.04, "direction": "buy", "amount": 4.2}, {"trade_seq": 5264, "trade_id": "244541553", "timestamp": 1678664763538, "tick_direction": 1, "price": 0.0325, "mark_price": 0.03184138, "iv": 55.03, "instrument_name": "BTC-31MAR23-23000-C", "index_price": 22212.64, "direction": "buy", "amount": 13.0}, {"trade_seq": 5263, "trade_id": "244541516", "timestamp": 1678664763227, "tick_direction": 1, "price": 0.0325, "mark_price": 0.03184138, "iv": 55.03, "instrument_name": "BTC-31MAR23-23000-C", "index_price": 22212.64, "direction": "buy", "amount": 29.8}, {"trade_seq": 5262, "trade_id": "244541509", "timestamp": 1678664763167, "tick_direction": 0, "price": 0.0325, "mark_price": 0.03184138, "iv": 55.03, "instrument_name": "BTC-31MAR23-23000-C", "index_price": 22212.64, "direction": "buy", "amount": 28.0}, {"trade_seq": 5261, "trade_id": "244541296", "timestamp": 1678664762524, "tick_direction": 1, "price": 0.032, "mark_price": 0.03160296, "iv": 54.81, "instrument_name": "BTC-31MAR23-23000-C", "index_price": 22197.2, "direction": "buy", "amount": 0.1}, {"trade_seq": 5260, "trade_id": "244541295", "timestamp": 1678664762524, "tick_direction": 0, "price": 0.032, "mark_price": 0.03160296, "iv": 54.81, "instrument_name": "BTC-31MAR23-23000-C", "index_price": 22197.2, "direction": "buy", "amount": 0.1}, {"trade_seq": 5259, "trade_id": "244538401", "timestamp": 1678664153052, "tick_direction": 3, "price": 0.028, "mark_price": 0.02816331, "iv": 54.59, "instrument_name": "BTC-31MAR23-23000-C", "index_price": 21951.42, "direction": "buy", "amount": 0.5}, {"trade_seq": 5258, "trade_id": "244538400", "timestamp": 1678664153052, "tick_direction": 2, "price": 0.028, "mark_price": 0.02816331, "iv": 54.59, "instrument_name": "BTC-31MAR23-23000-C", "index_price": 21951.42, "direction": "buy", "amount": 2.2}, {"trade_seq": 5257, "trade_id": "244537305", "timestamp": 1678663980262, "tick_direction": 1, "price": 0.0295, "mark_price": 0.03005166, "iv": 54.26, "instrument_name": "BTC-31MAR23-23000-C", "index_price": 22047.69, "direction": "buy", "amount": 2.3}, {"trade_seq": 5256, "trade_id": "244535313", "timestamp": 1678663556199, "tick_direction": 0, "price": 0.0295, "mark_price": 0.02960021, "iv": 54.94, "instrument_name": "BTC-31MAR23-23000-C", "index_price": 22018.41, "direction": "buy", "amount": 2.2}, {"trade_seq": 5255, "trade_id": "244534686", "timestamp": 1678663403570, "tick_direction": 0, "price": 0.029, "mark_price": 0.02950742, "iv": 54.47, "instrument_name": "BTC-31MAR23-23000-C", "index_price": 22002.53, "direction": "sell", "amount": 1.0}, {"trade_seq": 5254, "trade_id": "244534451", "timestamp": 1678663342803, "tick_direction": 0, "price": 0.028, "mark_price": 0.02861607, "iv": 54.19, "instrument_name": "BTC-31MAR23-23000-C", "index_price": 21952.31, "direction": "sell", "amount": 2.3}, {"trade_seq": 5253, "trade_id": "244533577", "timestamp": 1678663141693, "tick_direction": 0, "price": 0.027, "mark_price": 0.02784707, "iv": 53.97, "instrument_name": "BTC-31MAR23-23000-C", "index_price": 21911.27, "direction": "buy", "amount": 1.0}, {"trade_seq": 5252, "trade_id": "244533245", "timestamp": 1678663115467, "tick_direction": 2, "price": 0.0265, "mark_price": 0.02734704, "iv": 53.99, "instrument_name": "BTC-31MAR23-23000-C", "index_price": 21886.65, "direction": "buy", "amount": 3.0}, {"trade_seq": 5251, "trade_id": "244532830", "timestamp": 1678662885645, "tick_direction": 2, "price": 0.027, "mark_price": 0.02755724, "iv": 54.51, "instrument_name": "BTC-31MAR23-23000-C", "index_price": 21893.1, "direction": "sell", "amount": 1.0}, {"trade_seq": 5250, "trade_id": "244527146", "timestamp": 1678661514663, "tick_direction": 3, "price": 0.0275, "mark_price": 0.02772507, "iv": 55.06, "instrument_name": "BTC-31MAR23-23000-C", "index_price": 21940.74, "direction": "sell", "amount": 0.2}, {"trade_seq": 5249, "trade_id": "244526629", "timestamp": 1678661394265, "tick_direction": 3, "price": 0.0275, "mark_price": 0.0283224, "iv": 54.28, "instrument_name": "BTC-31MAR23-23000-C", "index_price": 22000.76, "direction": "sell", "amount": 0.1}, {"trade_seq": 5248, "trade_id": "244525000", "timestamp": 1678660973269, "tick_direction": 3, "price": 0.0275, "mark_price": 0.02762507, "iv": 54.17, "instrument_name": "BTC-31MAR23-23000-C", "index_price": 22020.98, "direction": "buy", "amount": 0.1}, {"trade_seq": 5247, "trade_id": "244524999", "timestamp": 1678660973267, "tick_direction": 3, "price": 0.0275, "mark_price": 0.02762507, "iv": 54.17, "instrument_name": "BTC-31MAR23-23000-C", "index_price": 22020.98, "direction": "buy", "amount": 2.5}, {"trade_seq": 5246, "trade_id": "244524998", "timestamp": 1678660973264, "tick_direction": 3, "price": 0.0275, "mark_price": 0.02762507, "iv": 54.17, "instrument_name": "BTC-31MAR23-23000-C", "index_price": 22020.98, "direction": "buy", "amount": 2.4}, {"trade_seq": 5245, "trade_id": "244524997", "timestamp": 1678660973264, "tick_direction": 3, "price": 0.0275, "mark_price": 0.02762507, "iv": 54.17, "instrument_name": "BTC-31MAR23-23000-C", "index_price": 22020.98, "direction": "buy", "amount": 0.1}, {"trade_seq": 5244, "trade_id": "244524996", "timestamp": 1678660973236, "tick_direction": 3, "price": 0.0275, "mark_price": 0.02762507, "iv": 54.17, "instrument_name": "BTC-31MAR23-23000-C", "index_price": 22020.98, "direction": "buy", "amount": 2.5}, {"trade_seq": 5243, "trade_id": "244524084", "timestamp": 1678660885127, "tick_direction": 3, "price": 0.0275, "mark_price": 0.02764092, "iv": 54.08, "instrument_name": "BTC-31MAR23-23000-C", "index_price": 22023.34, "direction": "buy", "amount": 2.4}, {"trade_seq": 5242, "trade_id": "244524083", "timestamp": 1678660885127, "tick_direction": 2, "price": 0.0275, "mark_price": 0.02764092, "iv": 54.08, "instrument_name": "BTC-31MAR23-23000-C", "index_price": 22023.34, "direction": "buy", "amount": 0.1}, {"trade_seq": 5241, "trade_id": "244518541", "timestamp": 1678660254184, "tick_direction": 1, "price": 0.029, "mark_price": 0.0286869, "iv": 54.61, "instrument_name": "BTC-31MAR23-23000-C", "index_price": 22071.49, "direction": "buy", "amount": 0.5}, {"trade_seq": 5240, "trade_id": "244518540", "timestamp": 1678660254184, "tick_direction": 0, "price": 0.029, "mark_price": 0.0286869, "iv": 54.61, "instrument_name": "BTC-31MAR23-23000-C", "index_price": 22071.49, "direction": "buy", "amount": 5.0}, {"trade_seq": 5239, "trade_id": "244518235", "timestamp": 1678660224208, "tick_direction": 3, "price": 0.0285, "mark_price": 0.02879816, "iv": 53.94, "instrument_name": "BTC-31MAR23-23000-C", "index_price": 22063.75, "direction": "sell", "amount": 2.0}, {"trade_seq": 5238, "trade_id": "244518187", "timestamp": 1678660221147, "tick_direction": 3, "price": 0.0285, "mark_price": 0.0285807, "iv": 54.06, "instrument_name": "BTC-31MAR23-23000-C", "index_price": 22064.21, "direction": "buy", "amount": 5.0}