{"trades": [{"trade_seq": 46, "trade_id": "243540049", "timestamp": 1678138208223, "tick_direction": 2, "price": 0.544, "mark_price": 0.55393708, "iv": 0.0, "instrument_name": "BTC-31MAR23-10000-C", "index_price": 22384.39, "direction": "sell", "amount": 0.5}, {"trade_seq": 45, "trade_id": "243523851", "timestamp": 1678118412524, "tick_direction": 3, "price": 0.556, "mark_price": 0.55764525, "iv": 0.0, "instrument_name": "BTC-31MAR23-10000-C", "index_price": 22561.81, "direction": "sell", "amount": 0.4}, {"trade_seq": 44, "trade_id": "243523850", "timestamp": 1678118412173, "tick_direction": 2, "price": 0.556, "mark_price": 0.55764525, "iv": 0.0, "instrument_name": "BTC-31MAR23-10000-C", "index_price": 22561.81, "direction": "sell", "amount": 0.6}, {"trade_seq": 43, "trade_id": "242696121", "timestamp": 1677151760904, "tick_direction": 2, "price": 0.586, "mark_price": 0.58450976, "iv": 134.55, "instrument_name": "BTC-31MAR23-10000-C", "index_price": 23907.12, "direction": "buy", "amount": 0.3}, {"trade_seq": 42, "trade_id": "242696112", "timestamp": 1677151759665, "tick_direction": 1, "price": 0.5865, "mark_price": 0.58465112, "iv": 139.43, "instrument_name": "BTC-31MAR23-10000-C", "index_price": 23910.15, "direction": "buy", "amount": 0.6}, {"trade_seq": 41, "trade_id": "242696111", "timestamp": 1677151758781, "tick_direction": 0, "price": 0.5865, "mark_price": 0.5846849, "iv": 138.09, "instrument_name": "BTC-31MAR23-10000-C", "index_price": 23911.67, "direction": "buy", "amount": 0.6}, {"trade_seq": 40, "trade_id": "239450780", "timestamp": 1673965818573, "tick_direction": 2, "price": 0.536, "mark_price": 0.53635041, "iv": 90.29, "instrument_name": "BTC-31MAR23-10000-C", "index_price": 21266.45, "direction": "sell", "amount": 0.1}, {"trade_seq": 39, "trade_id": "239446956", "timestamp": 1673965490516, "tick_direction": 0, "price": 0.542, "mark_price": 0.54155885, "iv": 93.7, "instrument_name": "BTC-31MAR23-10000-C", "index_price": 21510.95, "direction": "buy", "amount": 9.7}, {"trade_seq": 38, "trade_id": "239351938", "timestamp": 1673873956418, "tick_direction": 0, "price": 0.523, "mark_price": 0.52528897, "iv": 74.11, "instrument_name": "BTC-31MAR23-10000-C", "index_price": 20796.99, "direction": "sell", "amount": 0.1}, {"trade_seq": 37, "trade_id": "237409627", "timestamp": 1670415141400, "tick_direction": 0, "price": 0.431, "mark_price": 0.42572379, "iv": 87.58, "instrument_name": "BTC-31MAR23-10000-C", "index_price": 16796.46, "direction": "buy", "amount": 0.1}, {"trade_seq": 36, "trade_id": "236627770", "timestamp": 1669212006520, "tick_direction": 3, "price": 0.4215, "mark_price": 0.42218405, "iv": 87.32, "instrument_name": "BTC-31MAR23-10000-C", "index_price": 16373.36, "direction": "sell", "amount": 0.7}, {"trade_seq": 35, "trade_id": "236627769", "timestamp": 1669212006517, "tick_direction": 2, "price": 0.4215, "mark_price": 0.42218405, "iv": 87.32, "instrument_name": "BTC-31MAR23-10000-C", "index_price": 16373.36, "direction": "sell", "amount": 1.0}, {"trade_seq": 34, "trade_id": "236291293", "timestamp": 1668754373506, "tick_direction": 2, "price": 0.4295, "mark_price": 0.4361775, "iv": 83.23, "instrument_name": "BTC-31MAR23-10000-C", "index_price": 16783.54, "direction": "sell", "amount": 0.1}, {"trade_seq": 33, "trade_id": "232811031", "timestamp": 1666773463066, "tick_direction": 1, "price": 0.536, "mark_price": 0.53474026, "iv": 88.62, "instrument_name": "BTC-31MAR23-10000-C", "index_price": 20587.98, "direction": "buy", "amount": 0.1}, {"trade_seq": 32, "trade_id": "232811023", "timestamp": 1666773463033, "tick_direction": 1, "price": 0.536, "mark_price": 0.53474026, "iv": 88.62, "instrument_name": "BTC-31MAR23-10000-C", "index_price": 20587.98, "direction": "buy", "amount": 9.1}, {"trade_seq": 31, "trade_id": "232811021", "timestamp": 1666773463004, "tick_direction": 0, "price": 0.536, "mark_price": 0.53474026, "iv": 88.62, "instrument_name": "BTC-31MAR23-10000-C", "index_price": 20587.98, "direction": "buy", "amount": 3.6}, {"trade_seq": 30, "trade_id": "231428092", "timestamp": 1665152429315, "tick_direction": 2, "price": 0.521, "mark_price": 0.51712365, "iv": 88.24, "instrument_name": "BTC-31MAR23-10000-C", "index_price": 19654.75, "direction": "buy", "amount": 0.1}, {"trade_seq": 29, "trade_id": "231104830", "timestamp": 1664894875336, "tick_direction": 1, "price": 0.534, "mark_price": 0.52868877, "iv": 91.14, "instrument_name": "BTC-31MAR23-10000-C", "index_price": 20109.05, "direction": "buy", "amount": 1.0}, {"trade_seq": 28, "trade_id": "231101600", "timestamp": 1664892668090, "tick_direction": 0, "price": 0.534, "mark_price": 0.53028367, "iv": 89.7, "instrument_name": "BTC-31MAR23-10000-C", "index_price": 20179.54, "direction": "buy", "amount": 1.0}, {"trade_seq": 27, "trade_id": "231011260", "timestamp": 1664810153930, "tick_direction": 2, "price": 0.517, "mark_price": 0.51430491, "iv": 87.27, "instrument_name": "BTC-31MAR23-10000-C", "index_price": 19466.02, "direction": "buy", "amount": 0.5}, {"trade_seq": 26, "trade_id": "231011150", "timestamp": 1664810110370, "tick_direction": 0, "price": 0.5185, "mark_price": 0.51395341, "iv": 89.01, "instrument_name": "BTC-31MAR23-10000-C", "index_price": 19439.35, "direction": "buy", "amount": 0.5}, {"trade_seq": 25, "trade_id": "230664786", "timestamp": 1664470418619, "tick_direction": 1, "price": 0.5175, "mark_price": 0.52115713, "iv": 84.71, "instrument_name": "BTC-31MAR23-10000-C", "index_price": 19558.73, "direction": "buy", "amount": 0.6}, {"trade_seq": 24, "trade_id": "230664739", "timestamp": 1664470408591, "tick_direction": 0, "price": 0.5175, "mark_price": 0.52138918, "iv": 84.48, "instrument_name": "BTC-31MAR23-10000-C", "index_price": 19569.39, "direction": "sell", "amount": 0.2}, {"trade_seq": 23, "trade_id": "230664721", "timestamp": 1664470392211, "tick_direction": 2, "price": 0.517, "mark_price": 0.52141431, "iv": 83.95, "instrument_name": "BTC-31MAR23-10000-C", "index_price": 19572.54, "direction": "sell", "amount": 0.2}, {"trade_seq": 22, "trade_id": "230663125", "timestamp": 1664469938911, "tick_direction": 0, "price": 0.5175, "mark_price": 0.52070289, "iv": 84.66, "instrument_name": "BTC-31MAR23-10000-C", "index_price": 19559.75, "direction": "sell", "amount": 1.0}, {"trade_seq": 21, "trade_id": "230662220", "timestamp": 1664469795276, "tick_direction": 0, "price": 0.516, "mark_price": 0.51905621, "iv": 84.82, "instrument_name": "BTC-31MAR23-10000-C", "index_price": 19480.12, "direction": "sell", "amount": 0.6}, {"trade_seq": 20, "trade_id": "230661545", "timestamp": 1664469644732, "tick_direction": 0, "price": 0.5145, "mark_price": 0.51892295, "iv": 83.39, "instrument_name": "BTC-31MAR23-10000-C", "index_price": 19481.13, "direction": "sell", "amount": 0.3}, {"trade_seq": 19, "trade_id": "230659279", "timestamp": 1664469004130, "tick_direction": 3, "price": 0.5085, "mark_price": 0.51217184, "iv": 83.99, "instrument_name": "BTC-31MAR23-10000-C", "index_price": 19177.18, "direction": "sell", "amount": 0.1}, {"trade_seq": 18, "trade_id": "229900961", "timestamp": 1663842708391, "tick_direction": 2, "price": 0.5085, "mark_price": 0.51240749, "iv": 82.07, "instrument_name": "BTC-31MAR23-10000-C", "index_price": 19208.56, "direction": "sell", "amount": 0.1}, {"trade_seq": 17, "trade_id": "224849901", "timestamp": 1658984139251, "tick_direction": 3, "price": 0.5975, "mark_price": 0.59817072, "iv": 86.66, "instrument_name": "BTC-31MAR23-10000-C", "index_price": 23093.67, "direction": "buy", "amount": 0.1}, {"trade_seq": 16, "trade_id": "224849891", "timestamp": 1658984129091, "tick_direction": 2, "price": 0.5975, "mark_price": 0.59821228, "iv": 86.62, "instrument_name": "BTC-31MAR23-10000-C", "index_price": 23096.73, "direction": "buy", "amount": 0.1}, {"trade_seq": 15, "trade_id": "224848683", "timestamp": 1658981733462, "tick_direction": 1, "price": 0.598, "mark_price": 0.59811633, "iv": 87.24, "instrument_name": "BTC-31MAR23-10000-C", "index_price": 23121.38, "direction": "buy", "amount": 0.2}, {"trade_seq": 14, "trade_id": "224848676", "timestamp": 1658981697932, "tick_direction": 0, "price": 0.598, "mark_price": 0.5981431, "iv": 87.22, "instrument_name": "BTC-31MAR23-10000-C", "index_price": 23123.03, "direction": "buy", "amount": 0.1}, {"trade_seq": 13, "trade_id": "224671037", "timestamp": 1658904820257, "tick_direction": 3, "price": 0.5685, "mark_price": 0.56940567, "iv": 87.69, "instrument_name": "BTC-31MAR23-10000-C", "index_price": 21205.84, "direction": "buy", "amount": 0.2}, {"trade_seq": 12, "trade_id": "224670971", "timestamp": 1658904772371, "tick_direction": 3, "price": 0.5685, "mark_price": 0.56938532, "iv": 87.68, "instrument_name": "BTC-31MAR23-10000-C", "index_price": 21206.29, "direction": "buy", "amount": 0.2}, {"trade_seq": 11, "trade_id": "224670958", "timestamp": 1658904761931, "tick_direction": 2, "price": 0.5685, "mark_price": 0.56939577, "iv": 87.67, "instrument_name": "BTC-31MAR23-10000-C", "index_price": 21206.18, "direction": "buy", "amount": 0.1}, {"trade_seq": 10, "trade_id": "223365343", "timestamp": 1658159797112, "tick_direction": 0, "price": 0.594, "mark_price": 0.59376195, "iv": 88.86, "instrument_name": "BTC-31MAR23-10000-C", "index_price": 22605.77, "direction": "buy", "amount": 8.0}, {"trade_seq": 9, "trade_id": "219168921", "timestamp": 1655333223897, "tick_direction": 2, "price": 0.585, "mark_price": 0.59395843, "iv": 77.17, "instrument_name": "BTC-31MAR23-10000-C", "index_price": 22452.98, "direction": "buy", "amount": 0.4}, {"trade_seq": 8, "trade_id": "219095279", "timestamp": 1655318468876, "tick_direction": 0, "price": 0.587, "mark_price": 0.58102949, "iv": 91.82, "instrument_name": "BTC-31MAR23-10000-C", "index_price": 21360.2, "direction": "buy", "amount": 0.5}, {"trade_seq": 7, "trade_id": "219095023", "timestamp": 1655318461746, "tick_direction": 0, "price": 0.5865, "mark_price": 0.58032031, "iv": 92.07, "instrument_name": "BTC-31MAR23-10000-C", "index_price": 21327.63, "direction": "buy", "amount": 1.6}, {"trade_seq": 6, "trade_id": "219094924", "timestamp": 1655318459486, "tick_direction": 3, "price": 0.586, "mark_price": 0.57958654, "iv": 92.15, "instrument_name": "BTC-31MAR23-10000-C", "index_price": 21260.68, "direction": "buy", "amount": 8.0}, {"trade_seq": 5, "trade_id": "219094923", "timestamp": 1655318459438, "tick_direction": 2, "price": 0.586, "mark_price": 0.57958654, "iv": 92.15, "instrument_name": "BTC-31MAR23-10000-C", "index_price": 21260.68, "direction": "buy", "amount": 8.0}, {"trade_seq": 4, "trade_id": "218989913", "timestamp": 1655298739901, "tick_direction": 1, "price": 0.6035, "mark_price": 0.58505477, "iv": 102.69, "instrument_name": "BTC-31MAR23-10000-C", "index_price": 21368.63, "direction": "buy", "amount": 0.1}, {"trade_seq": 3, "trade_id": "218989911", "timestamp": 1655298738815, "tick_direction": 1, "price": 0.6035, "mark_price": 0.58513296, "iv": 102.71, "instrument_name": "BTC-31MAR23-10000-C", "index_price": 21360.94, "direction": "buy", "amount": 0.1}, {"trade_seq": 2, "trade_id": "218989906", "timestamp": 1655298737542, "tick_direction": 1, "price": 0.6035, "mark_price": 0.58513267, "iv": 102.67, "instrument_name": "BTC-31MAR23-10000-C", "index_price": 21357.7, "direction": "buy", "amount": 0.1}, {"trade_seq": 1, "trade_id": "218989894", "timestamp": 1655298734125, "tick_direction": 1, "price": 0.6035, "mark_price": 0.58503868, "iv": 102.72, "instrument_name": "BTC-31MAR23-10000-C", "index_price": 21357.6, "direction": "buy", "amount": 0.1}], "has_more": false}