{"trades": [{"trade_seq": 419, "trade_id": "197070292", "timestamp": 1640828916940, "tick_direction": 2, "price": 0.228, "mark_price": 0.22782411, "iv": 178.4, "instrument_name": "BTC-31DEC21-36000-C", "index_price": 46608.12, "direction": "buy", "amount": 1.0}, {"trade_seq": 418, "trade_id": "195574112", "timestamp": 1639772256113, "tick_direction": 2, "price": 0.235, "mark_price": 0.23539051, "iv": 93.31, "instrument_name": "BTC-31DEC21-36000-C", "index_price": 46635.88, "direction": "sell", "amount": 0.1}, {"trade_seq": 417, "trade_id": "195418415", "timestamp": 1639695328802, "tick_direction": 2, "price": 0.255, "mark_price": 0.25573953, "iv": 94.12, "instrument_name": "BTC-31DEC21-36000-C", "index_price": 47885.38, "direction": "buy", "amount": 0.2}, {"trade_seq": 416, "trade_id": "195300844", "timestamp": 1639605407173, "tick_direction": 0, "price": 0.2765, "mark_price": 0.27532883, "iv": 103.81, "instrument_name": "BTC-31DEC21-36000-C", "index_price": 49203.11, "direction": "buy", "amount": 0.1}, {"trade_seq": 415, "trade_id": "194900266", "timestamp": 1639415394792, "tick_direction": 2, "price": 0.258, "mark_price": 0.25754709, "iv": 101.57, "instrument_name": "BTC-31DEC21-36000-C", "index_price": 47797.53, "direction": "buy", "amount": 0.5}, {"trade_seq": 414, "trade_id": "194551606", "timestamp": 1639165571705, "tick_direction": 0, "price": 0.265, "mark_price": 0.26485855, "iv": 96.49, "instrument_name": "BTC-31DEC21-36000-C", "index_price": 48189.93, "direction": "buy", "amount": 0.1}, {"trade_seq": 413, "trade_id": "194550207", "timestamp": 1639164697713, "tick_direction": 2, "price": 0.2635, "mark_price": 0.26343525, "iv": 96.45, "instrument_name": "BTC-31DEC21-36000-C", "index_price": 48093.21, "direction": "buy", "amount": 0.1}, {"trade_seq": 412, "trade_id": "194476092", "timestamp": 1639143337266, "tick_direction": 1, "price": 0.288, "mark_price": 0.28702701, "iv": 100.93, "instrument_name": "BTC-31DEC21-36000-C", "index_price": 49742.19, "direction": "buy", "amount": 2.7}, {"trade_seq": 411, "trade_id": "194475974", "timestamp": 1639143336244, "tick_direction": 0, "price": 0.288, "mark_price": 0.28667188, "iv": 102.02, "instrument_name": "BTC-31DEC21-36000-C", "index_price": 49722.77, "direction": "buy", "amount": 5.3}, {"trade_seq": 410, "trade_id": "193771636", "timestamp": 1638788524182, "tick_direction": 2, "price": 0.2545, "mark_price": 0.25871621, "iv": 87.06, "instrument_name": "BTC-31DEC21-36000-C", "index_price": 47508.04, "direction": "sell", "amount": 0.6}, {"trade_seq": 409, "trade_id": "193771635", "timestamp": 1638788524182, "tick_direction": 0, "price": 0.255, "mark_price": 0.25871621, "iv": 88.24, "instrument_name": "BTC-31DEC21-36000-C", "index_price": 47508.04, "direction": "sell", "amount": 3.4}, {"trade_seq": 408, "trade_id": "193183923", "timestamp": 1638595581885, "tick_direction": 2, "price": 0.2105, "mark_price": 0.21734498, "iv": 87.63, "instrument_name": "BTC-31DEC21-36000-C", "index_price": 44895.17, "direction": "sell", "amount": 0.1}, {"trade_seq": 407, "trade_id": "193183433", "timestamp": 1638595574555, "tick_direction": 2, "price": 0.2205, "mark_price": 0.22466415, "iv": 89.02, "instrument_name": "BTC-31DEC21-36000-C", "index_price": 45339.92, "direction": "sell", "amount": 0.1}, {"trade_seq": 406, "trade_id": "193182754", "timestamp": 1638595566164, "tick_direction": 2, "price": 0.2305, "mark_price": 0.23553105, "iv": 86.42, "instrument_name": "BTC-31DEC21-36000-C", "index_price": 46023.04, "direction": "sell", "amount": 0.1}, {"trade_seq": 405, "trade_id": "192891016", "timestamp": 1638516429213, "tick_direction": 1, "price": 0.373, "mark_price": 0.37578036, "iv": 82.37, "instrument_name": "BTC-31DEC21-36000-C", "index_price": 56927.28, "direction": "sell", "amount": 1.0}, {"trade_seq": 404, "trade_id": "192891001", "timestamp": 1638516415313, "tick_direction": 0, "price": 0.373, "mark_price": 0.37574058, "iv": 82.68, "instrument_name": "BTC-31DEC21-36000-C", "index_price": 56921.34, "direction": "sell", "amount": 4.0}, {"trade_seq": 403, "trade_id": "191867640", "timestamp": 1637924912889, "tick_direction": 2, "price": 0.356, "mark_price": 0.35101207, "iv": 110.23, "instrument_name": "BTC-31DEC21-36000-C", "index_price": 54168.39, "direction": "buy", "amount": 0.4}, {"trade_seq": 402, "trade_id": "190935046", "timestamp": 1637544812110, "tick_direction": 1, "price": 0.3955, "mark_price": 0.39574735, "iv": 98.54, "instrument_name": "BTC-31DEC21-36000-C", "index_price": 58182.55, "direction": "buy", "amount": 0.2}, {"trade_seq": 401, "trade_id": "190935045", "timestamp": 1637544811778, "tick_direction": 1, "price": 0.3955, "mark_price": 0.39574735, "iv": 98.54, "instrument_name": "BTC-31DEC21-36000-C", "index_price": 58182.55, "direction": "buy", "amount": 0.9}, {"trade_seq": 400, "trade_id": "190935044", "timestamp": 1637544809165, "tick_direction": 0, "price": 0.3955, "mark_price": 0.39575236, "iv": 98.56, "instrument_name": "BTC-31DEC21-36000-C", "index_price": 58182.47, "direction": "buy", "amount": 1.9}, {"trade_seq": 399, "trade_id": "190515283", "timestamp": 1637260853649, "tick_direction": 2, "price": 0.3915, "mark_price": 0.39270523, "iv": 97.37, "instrument_name": "BTC-31DEC21-36000-C", "index_price": 57814.27, "direction": "sell", "amount": 1.0}, {"trade_seq": 398, "trade_id": "188041879", "timestamp": 1636012349904, "tick_direction": 2, "price": 0.4405, "mark_price": 0.44325281, "iv": 89.06, "instrument_name": "BTC-31DEC21-36000-C", "index_price": 62073.58, "direction": "sell", "amount": 1.0}, {"trade_seq": 397, "trade_id": "187808409", "timestamp": 1635864758952, "tick_direction": 0, "price": 0.4565, "mark_price": 0.4555691, "iv": 101.0, "instrument_name": "BTC-31DEC21-36000-C", "index_price": 63343.78, "direction": "sell", "amount": 0.4}, {"trade_seq": 396, "trade_id": "187808400", "timestamp": 1635864751347, "tick_direction": 0, "price": 0.456, "mark_price": 0.45556186, "iv": 99.76, "instrument_name": "BTC-31DEC21-36000-C", "index_price": 63340.41, "direction": "sell", "amount": 0.6}, {"trade_seq": 395, "trade_id": "187248744", "timestamp": 1635510591838, "tick_direction": 0, "price": 0.44, "mark_price": 0.43995107, "iv": 96.28, "instrument_name": "BTC-31DEC21-36000-C", "index_price": 61318.46, "direction": "sell", "amount": 1.0}, {"trade_seq": 394, "trade_id": "186695614", "timestamp": 1635321728470, "tick_direction": 2, "price": 0.421, "mark_price": 0.41969941, "iv": 98.78, "instrument_name": "BTC-31DEC21-36000-C", "index_price": 59231.2, "direction": "sell", "amount": 6.0}, {"trade_seq": 393, "trade_id": "185406056", "timestamp": 1634737498845, "tick_direction": 0, "price": 0.48, "mark_price": 0.47998719, "iv": 99.4, "instrument_name": "BTC-31DEC21-36000-C", "index_price": 65698.78, "direction": "buy", "amount": 7.5}, {"trade_seq": 392, "trade_id": "184755220", "timestamp": 1634385563768, "tick_direction": 1, "price": 0.45, "mark_price": 0.4497807, "iv": 100.44, "instrument_name": "BTC-31DEC21-36000-C", "index_price": 61735.34, "direction": "sell", "amount": 1.0}, {"trade_seq": 391, "trade_id": "184754910", "timestamp": 1634385453574, "tick_direction": 0, "price": 0.45, "mark_price": 0.44945037, "iv": 101.05, "instrument_name": "BTC-31DEC21-36000-C", "index_price": 61704.72, "direction": "sell", "amount": 2.0}, {"trade_seq": 390, "trade_id": "183516385", "timestamp": 1633716571862, "tick_direction": 2, "price": 0.386, "mark_price": 0.38556415, "iv": 94.28, "instrument_name": "BTC-31DEC21-36000-C", "index_price": 54422.99, "direction": "buy", "amount": 0.1}, {"trade_seq": 389, "trade_id": "183205175", "timestamp": 1633558631316, "tick_direction": 0, "price": 0.39, "mark_price": 0.39088477, "iv": 92.38, "instrument_name": "BTC-31DEC21-36000-C", "index_price": 55049.58, "direction": "buy", "amount": 1.0}, {"trade_seq": 388, "trade_id": "183125338", "timestamp": 1633527985346, "tick_direction": 0, "price": 0.385, "mark_price": 0.3858144, "iv": 92.06, "instrument_name": "BTC-31DEC21-36000-C", "index_price": 54484.92, "direction": "buy", "amount": 0.1}, {"trade_seq": 387, "trade_id": "183124341", "timestamp": 1633527791981, "tick_direction": 0, "price": 0.3805, "mark_price": 0.38522899, "iv": 88.03, "instrument_name": "BTC-31DEC21-36000-C", "index_price": 54398.62, "direction": "sell", "amount": 0.1}, {"trade_seq": 386, "trade_id": "182481715", "timestamp": 1633135631433, "tick_direction": 0, "price": 0.316, "mark_price": 0.31718874, "iv": 89.48, "instrument_name": "BTC-31DEC21-36000-C", "index_price": 47706.16, "direction": "buy", "amount": 0.1}, {"trade_seq": 385, "trade_id": "182194400", "timestamp": 1633007975699, "tick_direction": 2, "price": 0.273, "mark_price": 0.27127231, "iv": 91.75, "instrument_name": "BTC-31DEC21-36000-C", "index_price": 43407.87, "direction": "sell", "amount": 0.1}, {"trade_seq": 384, "trade_id": "181763131", "timestamp": 1632735369503, "tick_direction": 0, "price": 0.275, "mark_price": 0.27528059, "iv": 88.84, "instrument_name": "BTC-31DEC21-36000-C", "index_price": 43730.95, "direction": "sell", "amount": 0.3}, {"trade_seq": 383, "trade_id": "181547558", "timestamp": 1632571297930, "tick_direction": 2, "price": 0.2589, "mark_price": 0.2587011, "iv": 87.25, "instrument_name": "BTC-31DEC21-36000-C", "index_price": 42502.7, "direction": "buy", "block_trade_id": "21394", "amount": 25.0}, {"trade_seq": 382, "trade_id": "181547254", "timestamp": 1632571140926, "tick_direction": 2, "price": 0.2598, "mark_price": 0.2583706, "iv": 87.95, "instrument_name": "BTC-31DEC21-36000-C", "index_price": 42480.13, "direction": "buy", "block_trade_id": "21393", "amount": 25.0}, {"trade_seq": 381, "trade_id": "181487755", "timestamp": 1632518080689, "tick_direction": 2, "price": 0.2649, "mark_price": 0.26456286, "iv": 87.58, "instrument_name": "BTC-31DEC21-36000-C", "index_price": 42999.4, "direction": "buy", "block_trade_id": "21378", "amount": 25.0}, {"trade_seq": 380, "trade_id": "181487506", "timestamp": 1632517933172, "tick_direction": 0, "price": 0.2667, "mark_price": 0.26546824, "iv": 88.21, "instrument_name": "BTC-31DEC21-36000-C", "index_price": 43044.97, "direction": "buy", "block_trade_id": "21377", "amount": 25.0}, {"trade_seq": 379, "trade_id": "181487401", "timestamp": 1632517834111, "tick_direction": 0, "price": 0.2662, "mark_price": 0.26579684, "iv": 87.69, "instrument_name": "BTC-31DEC21-36000-C", "index_price": 43080.28, "direction": "buy", "block_trade_id": "21376", "amount": 25.0}, {"trade_seq": 378, "trade_id": "181474207", "timestamp": 1632509633348, "tick_direction": 0, "price": 0.2578, "mark_price": 0.25750127, "iv": 87.69, "instrument_name": "BTC-31DEC21-36000-C", "index_price": 42323.63, "direction": "buy", "block_trade_id": "21348", "amount": 25.0}, {"trade_seq": 377, "trade_id": "181473896", "timestamp": 1632509547681, "tick_direction": 0, "price": 0.2566, "mark_price": 0.25644057, "iv": 87.61, "instrument_name": "BTC-31DEC21-36000-C", "index_price": 42239.16, "direction": "buy", "block_trade_id": "21347", "amount": 25.0}, {"trade_seq": 376, "trade_id": "181473721", "timestamp": 1632509320662, "tick_direction": 2, "price": 0.2559, "mark_price": 0.25547698, "iv": 87.74, "instrument_name": "BTC-31DEC21-36000-C", "index_price": 42165.87, "direction": "buy", "block_trade_id": "21346", "amount": 25.0}, {"trade_seq": 375, "trade_id": "181473713", "timestamp": 1632509299898, "tick_direction": 0, "price": 0.256, "mark_price": 0.25534607, "iv": 87.89, "instrument_name": "BTC-31DEC21-36000-C", "index_price": 42151.08, "direction": "buy", "block_trade_id": "21345", "amount": 25.0}, {"trade_seq": 374, "trade_id": "181473671", "timestamp": 1632509258610, "tick_direction": 2, "price": 0.2558, "mark_price": 0.25572286, "iv": 87.52, "instrument_name": "BTC-31DEC21-36000-C", "index_price": 42165.9, "direction": "buy", "block_trade_id": "21344", "amount": 25.0}, {"trade_seq": 373, "trade_id": "181473554", "timestamp": 1632509231155, "tick_direction": 2, "price": 0.2563, "mark_price": 0.25647334, "iv": 87.38, "instrument_name": "BTC-31DEC21-36000-C", "index_price": 42223.71, "direction": "buy", "block_trade_id": "21343", "amount": 25.0}, {"trade_seq": 372, "trade_id": "181473516", "timestamp": 1632509214177, "tick_direction": 3, "price": 0.2574, "mark_price": 0.25651439, "iv": 88.0, "instrument_name": "BTC-31DEC21-36000-C", "index_price": 42228.98, "direction": "buy", "block_trade_id": "21342", "amount": 25.0}, {"trade_seq": 371, "trade_id": "181473403", "timestamp": 1632509128840, "tick_direction": 2, "price": 0.2574, "mark_price": 0.25709476, "iv": 87.65, "instrument_name": "BTC-31DEC21-36000-C", "index_price": 42285.44, "direction": "buy", "block_trade_id": "21341", "amount": 25.0}, {"trade_seq": 370, "trade_id": "181267476", "timestamp": 1632470062445, "tick_direction": 1, "price": 0.2865, "mark_price": 0.28734067, "iv": 86.99, "instrument_name": "BTC-31DEC21-36000-C", "index_price": 44890.06, "direction": "buy", "amount": 1.3}, {"trade_seq": 369, "trade_id": "181267471", "timestamp": 1632470061759, "tick_direction": 1, "price": 0.2865, "mark_price": 0.28732689, "iv": 86.99, "instrument_name": "BTC-31DEC21-36000-C", "index_price": 44890.06, "direction": "buy", "amount": 1.1}, {"trade_seq": 368, "trade_id": "181267450", "timestamp": 1632470058094, "tick_direction": 1, "price": 0.2865, "mark_price": 0.28733549, "iv": 87.0, "instrument_name": "BTC-31DEC21-36000-C", "index_price": 44888.93, "direction": "buy", "amount": 1.0}, {"trade_seq": 367, "trade_id": "181267436", "timestamp": 1632470051859, "tick_direction": 0, "price": 0.2865, "mark_price": 0.28732936, "iv": 86.99, "instrument_name": "BTC-31DEC21-36000-C", "index_price": 44889.61, "direction": "buy", "amount": 1.6}, {"trade_seq": 366, "trade_id": "180708679", "timestamp": 1632261430169, "tick_direction": 2, "price": 0.2675, "mark_price": 0.26050967, "iv": 96.22, "instrument_name": "BTC-31DEC21-36000-C", "index_price": 41484.48, "direction": "buy", "amount": 1.0}, {"trade_seq": 365, "trade_id": "180344036", "timestamp": 1632173506850, "tick_direction": 2, "price": 0.2945, "mark_price": 0.286955, "iv": 97.72, "instrument_name": "BTC-31DEC21-36000-C", "index_price": 43728.74, "direction": "buy", "amount": 1.1}, {"trade_seq": 364, "trade_id": "180124132", "timestamp": 1632117057276, "tick_direction": 2, "price": 0.304, "mark_price": 0.30940265, "iv": 89.61, "instrument_name": "BTC-31DEC21-36000-C", "index_price": 45641.27, "direction": "sell", "amount": 0.1}, {"trade_seq": 363, "trade_id": "178868637", "timestamp": 1631192376484, "tick_direction": 2, "price": 0.335, "mark_price": 0.33060583, "iv": 95.7, "instrument_name": "BTC-31DEC21-36000-C", "index_price": 46642.68, "direction": "buy", "amount": 0.3}, {"trade_seq": 362, "trade_id": "177716427", "timestamp": 1630672326733, "tick_direction": 1, "price": 0.3785, "mark_price": 0.3777862, "iv": 95.71, "instrument_name": "BTC-31DEC21-36000-C", "index_price": 50715.88, "direction": "buy", "amount": 0.7}, {"trade_seq": 361, "trade_id": "177716425", "timestamp": 1630672326672, "tick_direction": 1, "price": 0.3785, "mark_price": 0.3777862, "iv": 95.71, "instrument_name": "BTC-31DEC21-36000-C", "index_price": 50715.88, "direction": "buy", "amount": 0.1}, {"trade_seq": 360, "trade_id": "177716419", "timestamp": 1630672326630, "tick_direction": 0, "price": 0.3785, "mark_price": 0.3777862, "iv": 95.71, "instrument_name": "BTC-31DEC21-36000-C", "index_price": 50715.88, "direction": "buy", "amount": 3.0}, {"trade_seq": 359, "trade_id": "176702322", "timestamp": 1630045333885, "tick_direction": 0, "price": 0.3445, "mark_price": 0.34502123, "iv": 92.85, "instrument_name": "BTC-31DEC21-36000-C", "index_price": 47224.37, "direction": "buy", "amount": 0.2}, {"trade_seq": 358, "trade_id": "176673661", "timestamp": 1630025794789, "tick_direction": 2, "price": 0.3409, "mark_price": 0.34394474, "iv": 91.83, "instrument_name": "BTC-31DEC21-36000-C", "index_price": 47062.8, "direction": "sell", "block_trade_id": "19646", "amount": 25.0}, {"trade_seq": 357, "trade_id": "175644247", "timestamp": 1629415620415, "tick_direction": 2, "price": 0.35, "mark_price": 0.34879915, "iv": 96.22, "instrument_name": "BTC-31DEC21-36000-C", "index_price": 46538.96, "direction": "sell", "amount": 0.8}, {"trade_seq": 356, "trade_id": "174701991", "timestamp": 1628889117741, "tick_direction": 0, "price": 0.37, "mark_price": 0.36941433, "iv": 98.63, "instrument_name": "BTC-31DEC21-36000-C", "index_price": 47688.37, "direction": "buy", "amount": 0.1}, {"trade_seq": 355, "trade_id": "174033785", "timestamp": 1628556425311, "tick_direction": 0, "price": 0.355, "mark_price": 0.35473491, "iv": 98.75, "instrument_name": "BTC-31DEC21-36000-C", "index_price": 45860.67, "direction": "sell", "amount": 0.8}, {"trade_seq": 354, "trade_id": "173824529", "timestamp": 1628478973244, "tick_direction": 2, "price": 0.313, "mark_price": 0.31249011, "iv": 90.36, "instrument_name": "BTC-31DEC21-36000-C", "index_price": 43331.64, "direction": "sell", "amount": 0.6}, {"trade_seq": 353, "trade_id": "173592127", "timestamp": 1628370487568, "tick_direction": 0, "price": 0.318, "mark_price": 0.3178691, "iv": 87.89, "instrument_name": "BTC-31DEC21-36000-C", "index_price": 44064.57, "direction": "sell", "amount": 0.1}, {"trade_seq": 352, "trade_id": "173441591", "timestamp": 1628301602129, "tick_direction": 0, "price": 0.3095, "mark_price": 0.30873676, "iv": 87.66, "instrument_name": "BTC-31DEC21-36000-C", "index_price": 43202.5, "direction": "sell", "amount": 0.2}, {"trade_seq": 351, "trade_id": "173131918", "timestamp": 1628188712668, "tick_direction": 0, "price": 0.28, "mark_price": 0.28257253, "iv": 85.16, "instrument_name": "BTC-31DEC21-36000-C", "index_price": 40890.04, "direction": "buy", "amount": 0.1}, {"trade_seq": 350, "trade_id": "172601234", "timestamp": 1627963278265, "tick_direction": 0, "price": 0.2545, "mark_price": 0.25369644, "iv": 84.15, "instrument_name": "BTC-31DEC21-36000-C", "index_price": 38646.55, "direction": "sell", "amount": 0.1}, {"trade_seq": 349, "trade_id": "172600712", "timestamp": 1627963019097, "tick_direction": 2, "price": 0.254, "mark_price": 0.25364184, "iv": 83.92, "instrument_name": "BTC-31DEC21-36000-C", "index_price": 38614.92, "direction": "sell", "amount": 0.2}, {"trade_seq": 348, "trade_id": "172554774", "timestamp": 1627941320652, "tick_direction": 2, "price": 0.2625, "mark_price": 0.26154255, "iv": 84.18, "instrument_name": "BTC-31DEC21-36000-C", "index_price": 39256.03, "direction": "sell", "amount": 0.8}, {"trade_seq": 347, "trade_id": "172506493", "timestamp": 1627917361212, "tick_direction": 2, "price": 0.2715, "mark_price": 0.26699124, "iv": 85.6, "instrument_name": "BTC-31DEC21-36000-C", "index_price": 39761.47, "direction": "buy", "amount": 0.1}, {"trade_seq": 346, "trade_id": "172323651", "timestamp": 1627846721273, "tick_direction": 1, "price": 0.285, "mark_price": 0.28577947, "iv": 83.14, "instrument_name": "BTC-31DEC21-36000-C", "index_price": 41423.78, "direction": "buy", "amount": 0.1}, {"trade_seq": 345, "trade_id": "172323650", "timestamp": 1627846721272, "tick_direction": 1, "price": 0.285, "mark_price": 0.28577947, "iv": 83.14, "instrument_name": "BTC-31DEC21-36000-C", "index_price": 41423.78, "direction": "buy", "amount": 0.1}, {"trade_seq": 344, "trade_id": "172323649", "timestamp": 1627846720331, "tick_direction": 0, "price": 0.285, "mark_price": 0.28577449, "iv": 83.14, "instrument_name": "BTC-31DEC21-36000-C", "index_price": 41421.49, "direction": "buy", "amount": 0.4}, {"trade_seq": 343, "trade_id": "172323617", "timestamp": 1627846706675, "tick_direction": 0, "price": 0.2845, "mark_price": 0.28531404, "iv": 83.12, "instrument_name": "BTC-31DEC21-36000-C", "index_price": 41376.05, "direction": "buy", "amount": 0.2}, {"trade_seq": 342, "trade_id": "172323501", "timestamp": 1627846689662, "tick_direction": 2, "price": 0.283, "mark_price": 0.28530807, "iv": 82.49, "instrument_name": "BTC-31DEC21-36000-C", "index_price": 41365.75, "direction": "buy", "amount": 0.2}, {"trade_seq": 341, "trade_id": "172269211", "timestamp": 1627824370127, "tick_direction": 1, "price": 0.286, "mark_price": 0.28643704, "iv": 83.02, "instrument_name": "BTC-31DEC21-36000-C", "index_price": 41519.73, "direction": "buy", "amount": 0.1}, {"trade_seq": 340, "trade_id": "172269202", "timestamp": 1627824364484, "tick_direction": 1, "price": 0.286, "mark_price": 0.28639629, "iv": 83.06, "instrument_name": "BTC-31DEC21-36000-C", "index_price": 41506.21, "direction": "buy", "amount": 0.2}, {"trade_seq": 339, "trade_id": "172269201", "timestamp": 1627824363966, "tick_direction": 1, "price": 0.286, "mark_price": 0.28639629, "iv": 83.06, "instrument_name": "BTC-31DEC21-36000-C", "index_price": 41506.21, "direction": "buy", "amount": 0.1}, {"trade_seq": 338, "trade_id": "172269200", "timestamp": 1627824363597, "tick_direction": 1, "price": 0.286, "mark_price": 0.28636922, "iv": 83.07, "instrument_name": "BTC-31DEC21-36000-C", "index_price": 41503.36, "direction": "buy", "amount": 0.1}, {"trade_seq": 337, "trade_id": "172269187", "timestamp": 1627824357673, "tick_direction": 1, "price": 0.286, "mark_price": 0.2863228, "iv": 83.09, "instrument_name": "BTC-31DEC21-36000-C", "index_price": 41498.57, "direction": "buy", "amount": 0.1}, {"trade_seq": 336, "trade_id": "172269186", "timestamp": 1627824357530, "tick_direction": 1, "price": 0.286, "mark_price": 0.2863228, "iv": 83.09, "instrument_name": "BTC-31DEC21-36000-C", "index_price": 41498.26, "direction": "buy", "amount": 0.1}, {"trade_seq": 335, "trade_id": "172269185", "timestamp": 1627824357452, "tick_direction": 1, "price": 0.286, "mark_price": 0.2863228, "iv": 83.09, "instrument_name": "BTC-31DEC21-36000-C", "index_price": 41498.26, "direction": "buy", "amount": 0.1}, {"trade_seq": 334, "trade_id": "172269184", "timestamp": 1627824357355, "tick_direction": 1, "price": 0.286, "mark_price": 0.2863228, "iv": 83.09, "instrument_name": "BTC-31DEC21-36000-C", "index_price": 41498.26, "direction": "buy", "amount": 0.1}, {"trade_seq": 333, "trade_id": "172269183", "timestamp": 1627824357354, "tick_direction": 1, "price": 0.286, "mark_price": 0.2863228, "iv": 83.09, "instrument_name": "BTC-31DEC21-36000-C", "index_price": 41498.26, "direction": "buy", "amount": 0.2}, {"trade_seq": 332, "trade_id": "172269175", "timestamp": 1627824353770, "tick_direction": 1, "price": 0.286, "mark_price": 0.28624457, "iv": 83.13, "instrument_name": "BTC-31DEC21-36000-C", "index_price": 41489.94, "direction": "buy", "amount": 0.3}, {"trade_seq": 331, "trade_id": "172269174", "timestamp": 1627824352226, "tick_direction": 0, "price": 0.286, "mark_price": 0.28624506, "iv": 83.13, "instrument_name": "BTC-31DEC21-36000-C", "index_price": 41490.35, "direction": "buy", "amount": 0.6}, {"trade_seq": 330, "trade_id": "172185081", "timestamp": 1627752583387, "tick_direction": 1, "price": 0.283, "mark_price": 0.28290355, "iv": 82.58, "instrument_name": "BTC-31DEC21-36000-C", "index_price": 41294.65, "direction": "buy", "amount": 0.4}, {"trade_seq": 329, "trade_id": "172185020", "timestamp": 1627752582258, "tick_direction": 1, "price": 0.283, "mark_price": 0.28289383, "iv": 82.68, "instrument_name": "BTC-31DEC21-36000-C", "index_price": 41273.5, "direction": "buy", "amount": 0.1}, {"trade_seq": 328, "trade_id": "172184990", "timestamp": 1627752580602, "tick_direction": 1, "price": 0.283, "mark_price": 0.28287606, "iv": 82.69, "instrument_name": "BTC-31DEC21-36000-C", "index_price": 41272.66, "direction": "buy", "amount": 0.1}, {"trade_seq": 327, "trade_id": "172184989", "timestamp": 1627752561938, "tick_direction": 1, "price": 0.283, "mark_price": 0.28279635, "iv": 82.72, "instrument_name": "BTC-31DEC21-36000-C", "index_price": 41272.21, "direction": "buy", "amount": 0.1}, {"trade_seq": 326, "trade_id": "172184979", "timestamp": 1627752561407, "tick_direction": 1, "price": 0.283, "mark_price": 0.28279635, "iv": 82.72, "instrument_name": "BTC-31DEC21-36000-C", "index_price": 41272.21, "direction": "buy", "amount": 0.2}, {"trade_seq": 325, "trade_id": "172184977", "timestamp": 1627752548661, "tick_direction": 0, "price": 0.283, "mark_price": 0.28272046, "iv": 82.76, "instrument_name": "BTC-31DEC21-36000-C", "index_price": 41274.74, "direction": "buy", "amount": 0.1}, {"trade_seq": 324, "trade_id": "172184872", "timestamp": 1627752490592, "tick_direction": 0, "price": 0.281, "mark_price": 0.28230562, "iv": 82.04, "instrument_name": "BTC-31DEC21-36000-C", "index_price": 41224.69, "direction": "buy", "amount": 1.0}, {"trade_seq": 323, "trade_id": "171731248", "timestamp": 1627537820698, "tick_direction": 3, "price": 0.276, "mark_price": 0.2770625, "iv": 84.27, "instrument_name": "BTC-31DEC21-36000-C", "index_price": 40077.17, "direction": "buy", "amount": 0.1}, {"trade_seq": 322, "trade_id": "171731247", "timestamp": 1627537818284, "tick_direction": 2, "price": 0.276, "mark_price": 0.27708752, "iv": 84.27, "instrument_name": "BTC-31DEC21-36000-C", "index_price": 40075.18, "direction": "buy", "amount": 0.2}, {"trade_seq": 321, "trade_id": "171731132", "timestamp": 1627537764513, "tick_direction": 0, "price": 0.2765, "mark_price": 0.2776013, "iv": 84.27, "instrument_name": "BTC-31DEC21-36000-C", "index_price": 40117.76, "direction": "buy", "amount": 1.0}, {"trade_seq": 320, "trade_id": "171628474", "timestamp": 1627495697421, "tick_direction": 0, "price": 0.265, "mark_price": 0.26622688, "iv": 83.41, "instrument_name": "BTC-31DEC21-36000-C", "index_price": 39263.69, "direction": "buy", "amount": 1.0}, {"trade_seq": 319, "trade_id": "171376581", "timestamp": 1627424241319, "tick_direction": 3, "price": 0.2515, "mark_price": 0.25177882, "iv": 82.25, "instrument_name": "BTC-31DEC21-36000-C", "index_price": 38228.86, "direction": "buy", "amount": 0.1}, {"trade_seq": 318, "trade_id": "171376577", "timestamp": 1627424236771, "tick_direction": 3, "price": 0.2515, "mark_price": 0.2515689, "iv": 82.3, "instrument_name": "BTC-31DEC21-36000-C", "index_price": 38217.07, "direction": "buy", "amount": 0.1}, {"trade_seq": 317, "trade_id": "171376576", "timestamp": 1627424236451, "tick_direction": 3, "price": 0.2515, "mark_price": 0.2515689, "iv": 82.3, "instrument_name": "BTC-31DEC21-36000-C", "index_price": 38217.07, "direction": "buy", "amount": 0.1}, {"trade_seq": 316, "trade_id": "171376575", "timestamp": 1627424235567, "tick_direction": 2, "price": 0.2515, "mark_price": 0.25158063, "iv": 82.33, "instrument_name": "BTC-31DEC21-36000-C", "index_price": 38215.74, "direction": "buy", "amount": 0.1}, {"trade_seq": 315, "trade_id": "171254975", "timestamp": 1627392374280, "tick_direction": 0, "price": 0.255, "mark_price": 0.25590975, "iv": 82.21, "instrument_name": "BTC-31DEC21-36000-C", "index_price": 38473.87, "direction": "buy", "amount": 0.1}, {"trade_seq": 314, "trade_id": "171253085", "timestamp": 1627391727546, "tick_direction": 2, "price": 0.253, "mark_price": 0.25352809, "iv": 82.33, "instrument_name": "BTC-31DEC21-36000-C", "index_price": 38277.27, "direction": "buy", "amount": 0.1}, {"trade_seq": 313, "trade_id": "171250997", "timestamp": 1627390962100, "tick_direction": 0, "price": 0.2545, "mark_price": 0.25526394, "iv": 82.18, "instrument_name": "BTC-31DEC21-36000-C", "index_price": 38432.41, "direction": "buy", "amount": 0.1}, {"trade_seq": 312, "trade_id": "171242260", "timestamp": 1627389206718, "tick_direction": 0, "price": 0.25, "mark_price": 0.25129845, "iv": 81.79, "instrument_name": "BTC-31DEC21-36000-C", "index_price": 38127.98, "direction": "buy", "amount": 0.1}, {"trade_seq": 311, "trade_id": "171063095", "timestamp": 1627335407359, "tick_direction": 3, "price": 0.246, "mark_price": 0.24644236, "iv": 83.3, "instrument_name": "BTC-31DEC21-36000-C", "index_price": 37255.62, "direction": "sell", "amount": 0.2}, {"trade_seq": 310, "trade_id": "171063094", "timestamp": 1627335407355, "tick_direction": 2, "price": 0.246, "mark_price": 0.24644236, "iv": 83.3, "instrument_name": "BTC-31DEC21-36000-C", "index_price": 37255.62, "direction": "sell", "amount": 0.5}, {"trade_seq": 309, "trade_id": "170798256", "timestamp": 1627287701685, "tick_direction": 0, "price": 0.26, "mark_price": 0.25396931, "iv": 85.53, "instrument_name": "BTC-31DEC21-36000-C", "index_price": 38077.51, "direction": "sell", "amount": 4.0}, {"trade_seq": 308, "trade_id": "170751014", "timestamp": 1627278984935, "tick_direction": 2, "price": 0.249, "mark_price": 0.25883679, "iv": 78.84, "instrument_name": "BTC-31DEC21-36000-C", "index_price": 38539.11, "direction": "sell", "amount": 1.0}, {"trade_seq": 307, "trade_id": "170742842", "timestamp": 1627275497639, "tick_direction": 1, "price": 0.25, "mark_price": 0.25706405, "iv": 80.13, "instrument_name": "BTC-31DEC21-36000-C", "index_price": 38323.0, "direction": "buy", "amount": 0.9}, {"trade_seq": 306, "trade_id": "170699541", "timestamp": 1627264013037, "tick_direction": 0, "price": 0.25, "mark_price": 0.25935017, "iv": 78.92, "instrument_name": "BTC-31DEC21-36000-C", "index_price": 38499.27, "direction": "sell", "amount": 1.0}, {"trade_seq": 305, "trade_id": "170680792", "timestamp": 1627262060082, "tick_direction": 2, "price": 0.216, "mark_price": 0.25810364, "iv": 65.85, "instrument_name": "BTC-31DEC21-36000-C", "index_price": 38142.07, "direction": "sell", "amount": 0.2}, {"trade_seq": 304, "trade_id": "170607491", "timestamp": 1627257386111, "tick_direction": 0, "price": 0.22, "mark_price": 0.21926062, "iv": 81.88, "instrument_name": "BTC-31DEC21-36000-C", "index_price": 35345.44, "direction": "buy", "amount": 1.0}, {"trade_seq": 303, "trade_id": "170607266", "timestamp": 1627257248285, "tick_direction": 0, "price": 0.218, "mark_price": 0.21870518, "iv": 81.34, "instrument_name": "BTC-31DEC21-36000-C", "index_price": 35275.23, "direction": "buy", "amount": 0.6}, {"trade_seq": 302, "trade_id": "170579834", "timestamp": 1627246452033, "tick_direction": 1, "price": 0.209, "mark_price": 0.2095044, "iv": 81.56, "instrument_name": "BTC-31DEC21-36000-C", "index_price": 34462.99, "direction": "buy", "amount": 0.1}, {"trade_seq": 301, "trade_id": "170579829", "timestamp": 1627246451021, "tick_direction": 1, "price": 0.209, "mark_price": 0.2094788, "iv": 81.58, "instrument_name": "BTC-31DEC21-36000-C", "index_price": 34460.29, "direction": "buy", "amount": 0.1}, {"trade_seq": 300, "trade_id": "170579812", "timestamp": 1627246448804, "tick_direction": 1, "price": 0.209, "mark_price": 0.20946782, "iv": 81.58, "instrument_name": "BTC-31DEC21-36000-C", "index_price": 34460.18, "direction": "buy", "amount": 0.1}, {"trade_seq": 299, "trade_id": "170579803", "timestamp": 1627246443817, "tick_direction": 1, "price": 0.209, "mark_price": 0.20948952, "iv": 81.58, "instrument_name": "BTC-31DEC21-36000-C", "index_price": 34459.04, "direction": "buy", "amount": 0.1}, {"trade_seq": 298, "trade_id": "170579764", "timestamp": 1627246418704, "tick_direction": 1, "price": 0.209, "mark_price": 0.20948154, "iv": 81.6, "instrument_name": "BTC-31DEC21-36000-C", "index_price": 34452.74, "direction": "buy", "amount": 0.1}, {"trade_seq": 297, "trade_id": "170579758", "timestamp": 1627246415857, "tick_direction": 1, "price": 0.209, "mark_price": 0.20942446, "iv": 81.6, "instrument_name": "BTC-31DEC21-36000-C", "index_price": 34452.27, "direction": "buy", "amount": 0.1}, {"trade_seq": 296, "trade_id": "170579757", "timestamp": 1627246413749, "tick_direction": 1, "price": 0.209, "mark_price": 0.2093471, "iv": 81.63, "instrument_name": "BTC-31DEC21-36000-C", "index_price": 34446.55, "direction": "buy", "amount": 0.1}, {"trade_seq": 295, "trade_id": "170579750", "timestamp": 1627246412585, "tick_direction": 1, "price": 0.209, "mark_price": 0.20933324, "iv": 81.66, "instrument_name": "BTC-31DEC21-36000-C", "index_price": 34439.2, "direction": "buy", "amount": 0.1}, {"trade_seq": 294, "trade_id": "170579743", "timestamp": 1627246412350, "tick_direction": 1, "price": 0.209, "mark_price": 0.20933324, "iv": 81.66, "instrument_name": "BTC-31DEC21-36000-C", "index_price": 34439.2, "direction": "buy", "amount": 0.1}, {"trade_seq": 293, "trade_id": "170579741", "timestamp": 1627246412012, "tick_direction": 0, "price": 0.209, "mark_price": 0.20933324, "iv": 81.66, "instrument_name": "BTC-31DEC21-36000-C", "index_price": 34437.59, "direction": "buy", "amount": 0.1}, {"trade_seq": 292, "trade_id": "170553035", "timestamp": 1627228315341, "tick_direction": 0, "price": 0.205, "mark_price": 0.20669816, "iv": 81.05, "instrument_name": "BTC-31DEC21-36000-C", "index_price": 34237.93, "direction": "sell", "amount": 1.0}, {"trade_seq": 291, "trade_id": "170470612", "timestamp": 1627186712444, "tick_direction": 1, "price": 0.204, "mark_price": 0.2034514, "iv": 79.92, "instrument_name": "BTC-31DEC21-36000-C", "index_price": 34177.37, "direction": "buy", "amount": 0.1}, {"trade_seq": 290, "trade_id": "170470610", "timestamp": 1627186711799, "tick_direction": 0, "price": 0.204, "mark_price": 0.2034514, "iv": 79.91, "instrument_name": "BTC-31DEC21-36000-C", "index_price": 34173.53, "direction": "buy", "amount": 0.5}, {"trade_seq": 289, "trade_id": "170456728", "timestamp": 1627179723813, "tick_direction": 0, "price": 0.203, "mark_price": 0.20238737, "iv": 79.95, "instrument_name": "BTC-31DEC21-36000-C", "index_price": 34126.65, "direction": "buy", "amount": 0.5}, {"trade_seq": 288, "trade_id": "170438820", "timestamp": 1627171222684, "tick_direction": 2, "price": 0.2006, "mark_price": 0.20399611, "iv": 78.5, "instrument_name": "BTC-31DEC21-36000-C", "index_price": 34287.28, "direction": "sell", "block_trade_id": "17710", "amount": 100.0}, {"trade_seq": 287, "trade_id": "170437693", "timestamp": 1627170842070, "tick_direction": 0, "price": 0.2007, "mark_price": 0.20404066, "iv": 78.66, "instrument_name": "BTC-31DEC21-36000-C", "index_price": 34240.07, "direction": "sell", "block_trade_id": "17708", "amount": 50.0}, {"trade_seq": 286, "trade_id": "170436626", "timestamp": 1627170469857, "tick_direction": 2, "price": 0.2001, "mark_price": 0.20482738, "iv": 78.3, "instrument_name": "BTC-31DEC21-36000-C", "index_price": 34255.27, "direction": "sell", "block_trade_id": "17706", "amount": 100.0}, {"trade_seq": 285, "trade_id": "170435933", "timestamp": 1627170331906, "tick_direction": 0, "price": 0.2009, "mark_price": 0.20406578, "iv": 79.01, "instrument_name": "BTC-31DEC21-36000-C", "index_price": 34161.22, "direction": "sell", "block_trade_id": "17702", "amount": 100.0}, {"trade_seq": 284, "trade_id": "170435553", "timestamp": 1627170253725, "tick_direction": 2, "price": 0.2005, "mark_price": 0.20433625, "iv": 78.78, "instrument_name": "BTC-31DEC21-36000-C", "index_price": 34182.54, "direction": "sell", "block_trade_id": "17700", "amount": 50.0}, {"trade_seq": 283, "trade_id": "170435077", "timestamp": 1627170146708, "tick_direction": 0, "price": 0.2006, "mark_price": 0.20379282, "iv": 79.06, "instrument_name": "BTC-31DEC21-36000-C", "index_price": 34111.99, "direction": "sell", "block_trade_id": "17699", "amount": 100.0}, {"trade_seq": 282, "trade_id": "170411934", "timestamp": 1627157318713, "tick_direction": 2, "price": 0.198, "mark_price": 0.20019404, "iv": 79.26, "instrument_name": "BTC-31DEC21-36000-C", "index_price": 33900.08, "direction": "buy", "amount": 0.8}, {"trade_seq": 281, "trade_id": "170391931", "timestamp": 1627147343848, "tick_direction": 0, "price": 0.2065, "mark_price": 0.20477054, "iv": 80.31, "instrument_name": "BTC-31DEC21-36000-C", "index_price": 34446.57, "direction": "buy", "amount": 1.0}, {"trade_seq": 280, "trade_id": "170365841", "timestamp": 1627138259831, "tick_direction": 1, "price": 0.1995, "mark_price": 0.19865938, "iv": 79.98, "instrument_name": "BTC-31DEC21-36000-C", "index_price": 33939.13, "direction": "sell", "amount": 0.1}, {"trade_seq": 279, "trade_id": "170365807", "timestamp": 1627138238506, "tick_direction": 1, "price": 0.1995, "mark_price": 0.19855655, "iv": 80.0, "instrument_name": "BTC-31DEC21-36000-C", "index_price": 33939.17, "direction": "sell", "amount": 0.1}, {"trade_seq": 278, "trade_id": "170365806", "timestamp": 1627138237826, "tick_direction": 0, "price": 0.1995, "mark_price": 0.19855655, "iv": 80.0, "instrument_name": "BTC-31DEC21-36000-C", "index_price": 33939.17, "direction": "sell", "amount": 0.1}, {"trade_seq": 277, "trade_id": "170365050", "timestamp": 1627138009471, "tick_direction": 1, "price": 0.1985, "mark_price": 0.19815265, "iv": 79.69, "instrument_name": "BTC-31DEC21-36000-C", "index_price": 33916.93, "direction": "sell", "amount": 0.1}, {"trade_seq": 276, "trade_id": "170365042", "timestamp": 1627138008460, "tick_direction": 1, "price": 0.1985, "mark_price": 0.19815702, "iv": 79.69, "instrument_name": "BTC-31DEC21-36000-C", "index_price": 33917.62, "direction": "sell", "amount": 0.1}, {"trade_seq": 275, "trade_id": "170365041", "timestamp": 1627138008412, "tick_direction": 1, "price": 0.1985, "mark_price": 0.19815702, "iv": 79.69, "instrument_name": "BTC-31DEC21-36000-C", "index_price": 33917.62, "direction": "sell", "amount": 0.1}, {"trade_seq": 274, "trade_id": "170365040", "timestamp": 1627138007537, "tick_direction": 0, "price": 0.1985, "mark_price": 0.19815975, "iv": 79.69, "instrument_name": "BTC-31DEC21-36000-C", "index_price": 33918.12, "direction": "sell", "amount": 0.3}, {"trade_seq": 273, "trade_id": "170294616", "timestamp": 1627104062604, "tick_direction": 2, "price": 0.1905, "mark_price": 0.19267174, "iv": 78.25, "instrument_name": "BTC-31DEC21-36000-C", "index_price": 33657.85, "direction": "sell", "amount": 0.9}, {"trade_seq": 272, "trade_id": "170288126", "timestamp": 1627100414622, "tick_direction": 0, "price": 0.1935, "mark_price": 0.19297013, "iv": 79.48, "instrument_name": "BTC-31DEC21-36000-C", "index_price": 33677.27, "direction": "sell", "amount": 0.1}, {"trade_seq": 271, "trade_id": "170244281", "timestamp": 1627082318807, "tick_direction": 0, "price": 0.186, "mark_price": 0.18590924, "iv": 78.9, "instrument_name": "BTC-31DEC21-36000-C", "index_price": 33229.84, "direction": "buy", "amount": 2.0}, {"trade_seq": 270, "trade_id": "170220837", "timestamp": 1627077442606, "tick_direction": 0, "price": 0.1775, "mark_price": 0.17980211, "iv": 78.28, "instrument_name": "BTC-31DEC21-36000-C", "index_price": 32660.29, "direction": "sell", "amount": 0.3}, {"trade_seq": 269, "trade_id": "170190989", "timestamp": 1627061806147, "tick_direction": 2, "price": 0.1745, "mark_price": 0.17254845, "iv": 79.77, "instrument_name": "BTC-31DEC21-36000-C", "index_price": 32116.83, "direction": "buy", "amount": 0.1}, {"trade_seq": 268, "trade_id": "170046556", "timestamp": 1626994383453, "tick_direction": 1, "price": 0.176, "mark_price": 0.17473839, "iv": 80.56, "instrument_name": "BTC-31DEC21-36000-C", "index_price": 32257.06, "direction": "sell", "amount": 0.5}, {"trade_seq": 267, "trade_id": "170035599", "timestamp": 1626986353082, "tick_direction": 0, "price": 0.176, "mark_price": 0.17527757, "iv": 80.34, "instrument_name": "BTC-31DEC21-36000-C", "index_price": 32301.25, "direction": "sell", "amount": 0.1}, {"trade_seq": 266, "trade_id": "170026772", "timestamp": 1626978260353, "tick_direction": 2, "price": 0.174, "mark_price": 0.1752231, "iv": 79.56, "instrument_name": "BTC-31DEC21-36000-C", "index_price": 32303.24, "direction": "sell", "amount": 0.1}, {"trade_seq": 265, "trade_id": "170005879", "timestamp": 1626968550295, "tick_direction": 0, "price": 0.1787, "mark_price": 0.17703151, "iv": 81.18, "instrument_name": "BTC-31DEC21-36000-C", "index_price": 32332.47, "direction": "buy", "block_trade_id": "17554", "amount": 25.0}, {"trade_seq": 264, "trade_id": "169976458", "timestamp": 1626952503543, "tick_direction": 0, "price": 0.1715, "mark_price": 0.17075206, "iv": 80.92, "instrument_name": "BTC-31DEC21-36000-C", "index_price": 31767.2, "direction": "sell", "amount": 0.8}, {"trade_seq": 263, "trade_id": "169976443", "timestamp": 1626952492571, "tick_direction": 3, "price": 0.171, "mark_price": 0.17063145, "iv": 80.76, "instrument_name": "BTC-31DEC21-36000-C", "index_price": 31757.25, "direction": "sell", "amount": 0.1}, {"trade_seq": 262, "trade_id": "169976442", "timestamp": 1626952490728, "tick_direction": 2, "price": 0.171, "mark_price": 0.17069137, "iv": 80.76, "instrument_name": "BTC-31DEC21-36000-C", "index_price": 31757.88, "direction": "sell", "amount": 0.3}, {"trade_seq": 261, "trade_id": "169831819", "timestamp": 1626889494247, "tick_direction": 1, "price": 0.1765, "mark_price": 0.17814851, "iv": 80.92, "instrument_name": "BTC-31DEC21-36000-C", "index_price": 32128.57, "direction": "sell", "amount": 1.4}, {"trade_seq": 260, "trade_id": "169831811", "timestamp": 1626889494188, "tick_direction": 0, "price": 0.1765, "mark_price": 0.17814851, "iv": 80.92, "instrument_name": "BTC-31DEC21-36000-C", "index_price": 32128.57, "direction": "sell", "amount": 0.5}, {"trade_seq": 259, "trade_id": "169777539", "timestamp": 1626872216332, "tick_direction": 3, "price": 0.1695, "mark_price": 0.17039759, "iv": 81.38, "instrument_name": "BTC-31DEC21-36000-C", "index_price": 31449.14, "direction": "sell", "amount": 0.1}, {"trade_seq": 258, "trade_id": "169777338", "timestamp": 1626872145751, "tick_direction": 2, "price": 0.1695, "mark_price": 0.17049983, "iv": 81.34, "instrument_name": "BTC-31DEC21-36000-C", "index_price": 31454.58, "direction": "sell", "amount": 0.1}, {"trade_seq": 257, "trade_id": "169758998", "timestamp": 1626864373477, "tick_direction": 0, "price": 0.1701, "mark_price": 0.1700729, "iv": 81.91, "instrument_name": "BTC-31DEC21-36000-C", "index_price": 31378.6, "direction": "buy", "block_trade_id": "17505", "amount": 25.0}, {"trade_seq": 256, "trade_id": "169740869", "timestamp": 1626861388862, "tick_direction": 0, "price": 0.17, "mark_price": 0.16889337, "iv": 82.18, "instrument_name": "BTC-31DEC21-36000-C", "index_price": 31373.54, "direction": "buy", "amount": 13.3}, {"trade_seq": 255, "trade_id": "169736846", "timestamp": 1626861338234, "tick_direction": 0, "price": 0.165, "mark_price": 0.16513092, "iv": 81.73, "instrument_name": "BTC-31DEC21-36000-C", "index_price": 31024.68, "direction": "buy", "amount": 5.0}, {"trade_seq": 254, "trade_id": "169726529", "timestamp": 1626854712097, "tick_direction": 1, "price": 0.1645, "mark_price": 0.16436605, "iv": 82.21, "instrument_name": "BTC-31DEC21-36000-C", "index_price": 30837.29, "direction": "buy", "amount": 1.4}, {"trade_seq": 253, "trade_id": "169725496", "timestamp": 1626854346625, "tick_direction": 0, "price": 0.1645, "mark_price": 0.164841, "iv": 82.2, "instrument_name": "BTC-31DEC21-36000-C", "index_price": 30835.43, "direction": "sell", "amount": 3.6}, {"trade_seq": 252, "trade_id": "169691562", "timestamp": 1626841366146, "tick_direction": 0, "price": 0.1625, "mark_price": 0.16400628, "iv": 82.99, "instrument_name": "BTC-31DEC21-36000-C", "index_price": 30454.23, "direction": "buy", "amount": 8.7}, {"trade_seq": 251, "trade_id": "169691536", "timestamp": 1626841354696, "tick_direction": 3, "price": 0.162, "mark_price": 0.16415893, "iv": 82.77, "instrument_name": "BTC-31DEC21-36000-C", "index_price": 30448.73, "direction": "buy", "amount": 2.1}, {"trade_seq": 250, "trade_id": "169691535", "timestamp": 1626841354677, "tick_direction": 2, "price": 0.162, "mark_price": 0.16415893, "iv": 82.77, "instrument_name": "BTC-31DEC21-36000-C", "index_price": 30448.73, "direction": "sell", "amount": 3.3}, {"trade_seq": 249, "trade_id": "169691316", "timestamp": 1626841328127, "tick_direction": 0, "price": 0.1625, "mark_price": 0.16419943, "iv": 82.97, "instrument_name": "BTC-31DEC21-36000-C", "index_price": 30441.74, "direction": "buy", "amount": 3.3}, {"trade_seq": 248, "trade_id": "169691141", "timestamp": 1626841288368, "tick_direction": 1, "price": 0.162, "mark_price": 0.16393774, "iv": 82.95, "instrument_name": "BTC-31DEC21-36000-C", "index_price": 30417.3, "direction": "buy", "amount": 1.0}, {"trade_seq": 247, "trade_id": "169691139", "timestamp": 1626841288362, "tick_direction": 1, "price": 0.162, "mark_price": 0.16393774, "iv": 82.95, "instrument_name": "BTC-31DEC21-36000-C", "index_price": 30417.3, "direction": "buy", "amount": 0.9}, {"trade_seq": 246, "trade_id": "169691132", "timestamp": 1626841287223, "tick_direction": 0, "price": 0.162, "mark_price": 0.16392144, "iv": 82.95, "instrument_name": "BTC-31DEC21-36000-C", "index_price": 30416.77, "direction": "buy", "amount": 10.7}, {"trade_seq": 245, "trade_id": "169633543", "timestamp": 1626815876335, "tick_direction": 2, "price": 0.156, "mark_price": 0.15739067, "iv": 83.62, "instrument_name": "BTC-31DEC21-36000-C", "index_price": 29774.25, "direction": "sell", "amount": 0.2}, {"trade_seq": 244, "trade_id": "169631138", "timestamp": 1626814249999, "tick_direction": 1, "price": 0.157, "mark_price": 0.1581912, "iv": 83.62, "instrument_name": "BTC-31DEC21-36000-C", "index_price": 29884.8, "direction": "sell", "amount": 0.1}, {"trade_seq": 243, "trade_id": "169631100", "timestamp": 1626814249340, "tick_direction": 0, "price": 0.157, "mark_price": 0.1581912, "iv": 83.62, "instrument_name": "BTC-31DEC21-36000-C", "index_price": 29886.98, "direction": "sell", "amount": 0.1}, {"trade_seq": 242, "trade_id": "169614434", "timestamp": 1626805360813, "tick_direction": 2, "price": 0.156, "mark_price": 0.15704192, "iv": 83.82, "instrument_name": "BTC-31DEC21-36000-C", "index_price": 29734.4, "direction": "sell", "amount": 0.1}, {"trade_seq": 241, "trade_id": "169589179", "timestamp": 1626795230614, "tick_direction": 0, "price": 0.1605, "mark_price": 0.16065667, "iv": 84.26, "instrument_name": "BTC-31DEC21-36000-C", "index_price": 29975.84, "direction": "sell", "amount": 0.1}, {"trade_seq": 240, "trade_id": "169569959", "timestamp": 1626790782718, "tick_direction": 3, "price": 0.1545, "mark_price": 0.15559428, "iv": 84.0, "instrument_name": "BTC-31DEC21-36000-C", "index_price": 29471.56, "direction": "sell", "amount": 0.1}, {"trade_seq": 239, "trade_id": "169569940", "timestamp": 1626790781383, "tick_direction": 2, "price": 0.1545, "mark_price": 0.15556122, "iv": 83.98, "instrument_name": "BTC-31DEC21-36000-C", "index_price": 29471.09, "direction": "sell", "amount": 0.1}, {"trade_seq": 238, "trade_id": "169504016", "timestamp": 1626767697918, "tick_direction": 0, "price": 0.157, "mark_price": 0.15917755, "iv": 83.62, "instrument_name": "BTC-31DEC21-36000-C", "index_price": 29810.06, "direction": "sell", "amount": 6.0}, {"trade_seq": 237, "trade_id": "169478501", "timestamp": 1626755731008, "tick_direction": 2, "price": 0.1555, "mark_price": 0.15775078, "iv": 83.9, "instrument_name": "BTC-31DEC21-36000-C", "index_price": 29616.99, "direction": "sell", "amount": 2.0}, {"trade_seq": 236, "trade_id": "169373307", "timestamp": 1626721712710, "tick_direction": 2, "price": 0.168, "mark_price": 0.16614202, "iv": 84.21, "instrument_name": "BTC-31DEC21-36000-C", "index_price": 30613.41, "direction": "buy", "amount": 5.0}, {"trade_seq": 235, "trade_id": "169172820", "timestamp": 1626620684198, "tick_direction": 2, "price": 0.178, "mark_price": 0.17663972, "iv": 84.37, "instrument_name": "BTC-31DEC21-36000-C", "index_price": 31324.26, "direction": "buy", "amount": 0.5}, {"trade_seq": 234, "trade_id": "169153268", "timestamp": 1626610746173, "tick_direction": 2, "price": 0.184, "mark_price": 0.18275422, "iv": 84.64, "instrument_name": "BTC-31DEC21-36000-C", "index_price": 31743.69, "direction": "sell", "amount": 0.5}, {"trade_seq": 233, "trade_id": "169119563", "timestamp": 1626574562459, "tick_direction": 2, "price": 0.186, "mark_price": 0.1879485, "iv": 82.86, "instrument_name": "BTC-31DEC21-36000-C", "index_price": 32250.73, "direction": "sell", "amount": 0.1}, {"trade_seq": 232, "trade_id": "169107080", "timestamp": 1626571177495, "tick_direction": 1, "price": 0.1885, "mark_price": 0.18626966, "iv": 84.74, "instrument_name": "BTC-31DEC21-36000-C", "index_price": 32033.83, "direction": "sell", "amount": 0.5}, {"trade_seq": 231, "trade_id": "169107079", "timestamp": 1626571177493, "tick_direction": 0, "price": 0.1885, "mark_price": 0.18626966, "iv": 84.74, "instrument_name": "BTC-31DEC21-36000-C", "index_price": 32033.83, "direction": "buy", "amount": 0.5}, {"trade_seq": 230, "trade_id": "169027098", "timestamp": 1626512942805, "tick_direction": 0, "price": 0.1855, "mark_price": 0.18328537, "iv": 85.29, "instrument_name": "BTC-31DEC21-36000-C", "index_price": 31660.97, "direction": "sell", "amount": 1.0}, {"trade_seq": 229, "trade_id": "169013357", "timestamp": 1626506132585, "tick_direction": 2, "price": 0.183, "mark_price": 0.18144676, "iv": 85.14, "instrument_name": "BTC-31DEC21-36000-C", "index_price": 31514.97, "direction": "sell", "amount": 1.0}, {"trade_seq": 228, "trade_id": "168943414", "timestamp": 1626457176874, "tick_direction": 0, "price": 0.186, "mark_price": 0.18709254, "iv": 83.88, "instrument_name": "BTC-31DEC21-36000-C", "index_price": 31988.64, "direction": "sell", "amount": 2.0}, {"trade_seq": 227, "trade_id": "168857884", "timestamp": 1626425067729, "tick_direction": 3, "price": 0.1705, "mark_price": 0.18442654, "iv": 80.38, "instrument_name": "BTC-31DEC21-36000-C", "index_price": 31489.84, "direction": "buy", "amount": 2.4}, {"trade_seq": 226, "trade_id": "168857880", "timestamp": 1626425067728, "tick_direction": 3, "price": 0.1705, "mark_price": 0.18442654, "iv": 80.38, "instrument_name": "BTC-31DEC21-36000-C", "index_price": 31489.84, "direction": "buy", "amount": 3.0}, {"trade_seq": 225, "trade_id": "168857879", "timestamp": 1626425067727, "tick_direction": 2, "price": 0.1705, "mark_price": 0.18442654, "iv": 80.38, "instrument_name": "BTC-31DEC21-36000-C", "index_price": 31489.84, "direction": "buy", "amount": 2.1}, {"trade_seq": 224, "trade_id": "168857878", "timestamp": 1626425067724, "tick_direction": 2, "price": 0.1795, "mark_price": 0.18442654, "iv": 83.72, "instrument_name": "BTC-31DEC21-36000-C", "index_price": 31489.84, "direction": "sell", "amount": 0.9}, {"trade_seq": 223, "trade_id": "168857877", "timestamp": 1626425067724, "tick_direction": 2, "price": 0.18, "mark_price": 0.18442654, "iv": 83.9, "instrument_name": "BTC-31DEC21-36000-C", "index_price": 31489.84, "direction": "sell", "amount": 0.9}, {"trade_seq": 222, "trade_id": "168857876", "timestamp": 1626425067724, "tick_direction": 2, "price": 0.1805, "mark_price": 0.18442654, "iv": 84.09, "instrument_name": "BTC-31DEC21-36000-C", "index_price": 31489.84, "direction": "sell", "amount": 0.8}, {"trade_seq": 221, "trade_id": "168857875", "timestamp": 1626425067724, "tick_direction": 3, "price": 0.1815, "mark_price": 0.18442654, "iv": 84.46, "instrument_name": "BTC-31DEC21-36000-C", "index_price": 31489.84, "direction": "sell", "amount": 3.0}, {"trade_seq": 220, "trade_id": "168857874", "timestamp": 1626425067724, "tick_direction": 2, "price": 0.1815, "mark_price": 0.18442654, "iv": 84.46, "instrument_name": "BTC-31DEC21-36000-C", "index_price": 31489.84, "direction": "sell", "amount": 0.9}, {"trade_seq": 219, "trade_id": "168857873", "timestamp": 1626425067724, "tick_direction": 2, "price": 0.182, "mark_price": 0.18442654, "iv": 84.64, "instrument_name": "BTC-31DEC21-36000-C", "index_price": 31489.84, "direction": "sell", "amount": 15.0}, {"trade_seq": 218, "trade_id": "168857872", "timestamp": 1626425067724, "tick_direction": 2, "price": 0.183, "mark_price": 0.18442654, "iv": 85.01, "instrument_name": "BTC-31DEC21-36000-C", "index_price": 31489.84, "direction": "sell", "amount": 1.0}, {"trade_seq": 217, "trade_id": "168851399", "timestamp": 1626422768664, "tick_direction": 1, "price": 0.188, "mark_price": 0.18698299, "iv": 85.91, "instrument_name": "BTC-31DEC21-36000-C", "index_price": 31661.79, "direction": "buy", "amount": 0.1}, {"trade_seq": 216, "trade_id": "168851388", "timestamp": 1626422762077, "tick_direction": 0, "price": 0.188, "mark_price": 0.18710437, "iv": 85.88, "instrument_name": "BTC-31DEC21-36000-C", "index_price": 31663.94, "direction": "buy", "amount": 0.2}, {"trade_seq": 215, "trade_id": "168787446", "timestamp": 1626377361733, "tick_direction": 2, "price": 0.1875, "mark_price": 0.18692916, "iv": 86.14, "instrument_name": "BTC-31DEC21-36000-C", "index_price": 31562.78, "direction": "sell", "amount": 0.4}, {"trade_seq": 214, "trade_id": "168702186", "timestamp": 1626348990082, "tick_direction": 3, "price": 0.1885, "mark_price": 0.18975704, "iv": 85.14, "instrument_name": "BTC-31DEC21-36000-C", "index_price": 31891.03, "direction": "sell", "amount": 0.2}, {"trade_seq": 213, "trade_id": "168702178", "timestamp": 1626348982305, "tick_direction": 2, "price": 0.1885, "mark_price": 0.18982236, "iv": 85.11, "instrument_name": "BTC-31DEC21-36000-C", "index_price": 31892.67, "direction": "sell", "amount": 0.3}, {"trade_seq": 212, "trade_id": "168701868", "timestamp": 1626348880012, "tick_direction": 2, "price": 0.189, "mark_price": 0.18980936, "iv": 85.27, "instrument_name": "BTC-31DEC21-36000-C", "index_price": 31904.0, "direction": "sell", "amount": 0.5}, {"trade_seq": 211, "trade_id": "168673235", "timestamp": 1626336022992, "tick_direction": 2, "price": 0.1955, "mark_price": 0.19686207, "iv": 85.43, "instrument_name": "BTC-31DEC21-36000-C", "index_price": 32440.24, "direction": "sell", "amount": 0.5}, {"trade_seq": 210, "trade_id": "168670681", "timestamp": 1626333482120, "tick_direction": 1, "price": 0.1985, "mark_price": 0.19797387, "iv": 85.85, "instrument_name": "BTC-31DEC21-36000-C", "index_price": 32587.37, "direction": "buy", "amount": 0.1}, {"trade_seq": 209, "trade_id": "168670654", "timestamp": 1626333479817, "tick_direction": 0, "price": 0.1985, "mark_price": 0.19780377, "iv": 85.88, "instrument_name": "BTC-31DEC21-36000-C", "index_price": 32580.65, "direction": "buy", "amount": 0.1}, {"trade_seq": 208, "trade_id": "168665508", "timestamp": 1626330655464, "tick_direction": 3, "price": 0.196, "mark_price": 0.19569019, "iv": 85.66, "instrument_name": "BTC-31DEC21-36000-C", "index_price": 32406.18, "direction": "sell", "amount": 0.8}, {"trade_seq": 207, "trade_id": "168665507", "timestamp": 1626330655442, "tick_direction": 3, "price": 0.196, "mark_price": 0.19569019, "iv": 85.66, "instrument_name": "BTC-31DEC21-36000-C", "index_price": 32406.18, "direction": "sell", "amount": 0.1}, {"trade_seq": 206, "trade_id": "168665200", "timestamp": 1626330649779, "tick_direction": 2, "price": 0.196, "mark_price": 0.19630327, "iv": 85.44, "instrument_name": "BTC-31DEC21-36000-C", "index_price": 32441.41, "direction": "sell", "amount": 0.1}, {"trade_seq": 205, "trade_id": "168664052", "timestamp": 1626329404195, "tick_direction": 2, "price": 0.1985, "mark_price": 0.1974982, "iv": 85.85, "instrument_name": "BTC-31DEC21-36000-C", "index_price": 32575.02, "direction": "buy", "amount": 0.3}, {"trade_seq": 204, "trade_id": "168501527", "timestamp": 1626233070204, "tick_direction": 3, "price": 0.2, "mark_price": 0.19847801, "iv": 88.47, "instrument_name": "BTC-31DEC21-36000-C", "index_price": 31915.47, "direction": "sell", "amount": 0.4}, {"trade_seq": 203, "trade_id": "168501438", "timestamp": 1626233069407, "tick_direction": 2, "price": 0.2, "mark_price": 0.19857367, "iv": 88.44, "instrument_name": "BTC-31DEC21-36000-C", "index_price": 31922.13, "direction": "sell", "amount": 0.6}, {"trade_seq": 202, "trade_id": "168499350", "timestamp": 1626233047295, "tick_direction": 3, "price": 0.203, "mark_price": 0.20267564, "iv": 88.06, "instrument_name": "BTC-31DEC21-36000-C", "index_price": 32214.85, "direction": "sell", "amount": 0.6}, {"trade_seq": 201, "trade_id": "168499326", "timestamp": 1626233046724, "tick_direction": 3, "price": 0.203, "mark_price": 0.20285352, "iv": 88.06, "instrument_name": "BTC-31DEC21-36000-C", "index_price": 32214.85, "direction": "sell", "amount": 0.3}, {"trade_seq": 200, "trade_id": "168499134", "timestamp": 1626233044357, "tick_direction": 2, "price": 0.203, "mark_price": 0.20301362, "iv": 87.93, "instrument_name": "BTC-31DEC21-36000-C", "index_price": 32247.48, "direction": "sell", "amount": 0.1}, {"trade_seq": 199, "trade_id": "168437794", "timestamp": 1626193913320, "tick_direction": 0, "price": 0.2065, "mark_price": 0.2072147, "iv": 87.14, "instrument_name": "BTC-31DEC21-36000-C", "index_price": 32840.86, "direction": "sell", "amount": 0.1}, {"trade_seq": 198, "trade_id": "168436279", "timestamp": 1626192720787, "tick_direction": 2, "price": 0.2045, "mark_price": 0.20593362, "iv": 87.1, "instrument_name": "BTC-31DEC21-36000-C", "index_price": 32688.29, "direction": "sell", "amount": 0.1}, {"trade_seq": 197, "trade_id": "168435566", "timestamp": 1626192244646, "tick_direction": 2, "price": 0.205, "mark_price": 0.20669883, "iv": 87.06, "instrument_name": "BTC-31DEC21-36000-C", "index_price": 32739.18, "direction": "sell", "amount": 0.1}, {"trade_seq": 196, "trade_id": "168433546", "timestamp": 1626191376378, "tick_direction": 0, "price": 0.2105, "mark_price": 0.20829066, "iv": 88.92, "instrument_name": "BTC-31DEC21-36000-C", "index_price": 32816.97, "direction": "buy", "amount": 0.4}, {"trade_seq": 195, "trade_id": "168433545", "timestamp": 1626191376378, "tick_direction": 0, "price": 0.21, "mark_price": 0.20829066, "iv": 88.73, "instrument_name": "BTC-31DEC21-36000-C", "index_price": 32816.97, "direction": "buy", "amount": 0.6}, {"trade_seq": 194, "trade_id": "168417726", "timestamp": 1626181626227, "tick_direction": 0, "price": 0.2055, "mark_price": 0.20512827, "iv": 88.77, "instrument_name": "BTC-31DEC21-36000-C", "index_price": 32470.93, "direction": "sell", "amount": 0.3}, {"trade_seq": 193, "trade_id": "168410169", "timestamp": 1626180119891, "tick_direction": 3, "price": 0.2035, "mark_price": 0.20468195, "iv": 87.99, "instrument_name": "BTC-31DEC21-36000-C", "index_price": 32442.83, "direction": "sell", "amount": 0.1}, {"trade_seq": 192, "trade_id": "168410144", "timestamp": 1626180117810, "tick_direction": 2, "price": 0.2035, "mark_price": 0.2046637, "iv": 87.99, "instrument_name": "BTC-31DEC21-36000-C", "index_price": 32445.32, "direction": "sell", "amount": 0.1}, {"trade_seq": 191, "trade_id": "168382979", "timestamp": 1626163917432, "tick_direction": 0, "price": 0.215, "mark_price": 0.21373494, "iv": 87.68, "instrument_name": "BTC-31DEC21-36000-C", "index_price": 33256.0, "direction": "buy", "amount": 0.5}, {"trade_seq": 190, "trade_id": "168341057", "timestamp": 1626127268398, "tick_direction": 2, "price": 0.211, "mark_price": 0.21074514, "iv": 87.92, "instrument_name": "BTC-31DEC21-36000-C", "index_price": 32876.16, "direction": "sell", "amount": 0.1}, {"trade_seq": 189, "trade_id": "168340872", "timestamp": 1626126932141, "tick_direction": 3, "price": 0.2115, "mark_price": 0.21113581, "iv": 88.0, "instrument_name": "BTC-31DEC21-36000-C", "index_price": 32911.14, "direction": "sell", "amount": 0.1}, {"trade_seq": 188, "trade_id": "168340868", "timestamp": 1626126930435, "tick_direction": 2, "price": 0.2115, "mark_price": 0.21113236, "iv": 88.0, "instrument_name": "BTC-31DEC21-36000-C", "index_price": 32910.67, "direction": "sell", "amount": 0.3}, {"trade_seq": 187, "trade_id": "168302649", "timestamp": 1626106267105, "tick_direction": 2, "price": 0.2175, "mark_price": 0.21547685, "iv": 88.84, "instrument_name": "BTC-31DEC21-36000-C", "index_price": 33222.65, "direction": "sell", "amount": 0.2}, {"trade_seq": 186, "trade_id": "168234476", "timestamp": 1626059779585, "tick_direction": 1, "price": 0.23, "mark_price": 0.22957815, "iv": 87.99, "instrument_name": "BTC-31DEC21-36000-C", "index_price": 34383.0, "direction": "buy", "amount": 0.1}, {"trade_seq": 185, "trade_id": "168234404", "timestamp": 1626059768160, "tick_direction": 0, "price": 0.23, "mark_price": 0.22947015, "iv": 88.03, "instrument_name": "BTC-31DEC21-36000-C", "index_price": 34384.43, "direction": "buy", "amount": 0.1}, {"trade_seq": 184, "trade_id": "168170917", "timestamp": 1625998706769, "tick_direction": 0, "price": 0.2275, "mark_price": 0.2268162, "iv": 89.29, "instrument_name": "BTC-31DEC21-36000-C", "index_price": 33834.39, "direction": "sell", "amount": 0.2}, {"trade_seq": 183, "trade_id": "168170851", "timestamp": 1625998629064, "tick_direction": 1, "price": 0.227, "mark_price": 0.22630555, "iv": 89.21, "instrument_name": "BTC-31DEC21-36000-C", "index_price": 33807.52, "direction": "sell", "amount": 0.1}, {"trade_seq": 182, "trade_id": "168170850", "timestamp": 1625998627047, "tick_direction": 1, "price": 0.227, "mark_price": 0.22632688, "iv": 89.2, "instrument_name": "BTC-31DEC21-36000-C", "index_price": 33810.36, "direction": "sell", "amount": 0.1}, {"trade_seq": 181, "trade_id": "168170845", "timestamp": 1625998626008, "tick_direction": 0, "price": 0.227, "mark_price": 0.22631709, "iv": 89.2, "instrument_name": "BTC-31DEC21-36000-C", "index_price": 33810.87, "direction": "sell", "amount": 0.4}, {"trade_seq": 180, "trade_id": "168166673", "timestamp": 1625995488753, "tick_direction": 2, "price": 0.2245, "mark_price": 0.22344614, "iv": 88.37, "instrument_name": "BTC-31DEC21-36000-C", "index_price": 33772.37, "direction": "buy", "amount": 0.6}, {"trade_seq": 179, "trade_id": "168108340", "timestamp": 1625935710752, "tick_direction": 1, "price": 0.23, "mark_price": 0.22861823, "iv": 88.98, "instrument_name": "BTC-31DEC21-36000-C", "index_price": 34105.41, "direction": "sell", "amount": 1.1}, {"trade_seq": 178, "trade_id": "168108339", "timestamp": 1625935710751, "tick_direction": 1, "price": 0.23, "mark_price": 0.22861823, "iv": 88.98, "instrument_name": "BTC-31DEC21-36000-C", "index_price": 34105.41, "direction": "sell", "amount": 0.3}, {"trade_seq": 177, "trade_id": "168108338", "timestamp": 1625935710745, "tick_direction": 0, "price": 0.23, "mark_price": 0.22861823, "iv": 88.98, "instrument_name": "BTC-31DEC21-36000-C", "index_price": 34105.41, "direction": "buy", "amount": 0.4}, {"trade_seq": 176, "trade_id": "168108133", "timestamp": 1625935502413, "tick_direction": 3, "price": 0.2295, "mark_price": 0.22857025, "iv": 88.8, "instrument_name": "BTC-31DEC21-36000-C", "index_price": 34108.9, "direction": "buy", "amount": 0.1}, {"trade_seq": 175, "trade_id": "168108128", "timestamp": 1625935497411, "tick_direction": 2, "price": 0.2295, "mark_price": 0.22860279, "iv": 88.83, "instrument_name": "BTC-31DEC21-36000-C", "index_price": 34103.77, "direction": "buy", "amount": 0.2}, {"trade_seq": 174, "trade_id": "168108069", "timestamp": 1625935481511, "tick_direction": 0, "price": 0.23, "mark_price": 0.22875771, "iv": 88.92, "instrument_name": "BTC-31DEC21-36000-C", "index_price": 34129.28, "direction": "buy", "amount": 0.1}, {"trade_seq": 173, "trade_id": "168104335", "timestamp": 1625933905181, "tick_direction": 2, "price": 0.229, "mark_price": 0.224788, "iv": 89.72, "instrument_name": "BTC-31DEC21-36000-C", "index_price": 33886.9, "direction": "buy", "amount": 0.1}, {"trade_seq": 172, "trade_id": "168104320", "timestamp": 1625933894845, "tick_direction": 0, "price": 0.2295, "mark_price": 0.22472431, "iv": 89.92, "instrument_name": "BTC-31DEC21-36000-C", "index_price": 33883.85, "direction": "buy", "amount": 0.1}, {"trade_seq": 171, "trade_id": "168062437", "timestamp": 1625891920645, "tick_direction": 2, "price": 0.2265, "mark_price": 0.22737131, "iv": 88.94, "instrument_name": "BTC-31DEC21-36000-C", "index_price": 33832.16, "direction": "buy", "amount": 0.1}, {"trade_seq": 170, "trade_id": "168062313", "timestamp": 1625891836331, "tick_direction": 2, "price": 0.227, "mark_price": 0.22801297, "iv": 88.98, "instrument_name": "BTC-31DEC21-36000-C", "index_price": 33866.85, "direction": "buy", "amount": 0.3}, {"trade_seq": 169, "trade_id": "168062291", "timestamp": 1625891781690, "tick_direction": 0, "price": 0.2275, "mark_price": 0.22823016, "iv": 89.14, "instrument_name": "BTC-31DEC21-36000-C", "index_price": 33873.9, "direction": "buy", "amount": 0.1}, {"trade_seq": 168, "trade_id": "167961812", "timestamp": 1625817773995, "tick_direction": 2, "price": 0.2195, "mark_price": 0.2184126, "iv": 90.33, "instrument_name": "BTC-31DEC21-36000-C", "index_price": 32806.92, "direction": "buy", "amount": 0.7}, {"trade_seq": 167, "trade_id": "167930290", "timestamp": 1625797236739, "tick_direction": 0, "price": 0.22, "mark_price": 0.22056971, "iv": 90.65, "instrument_name": "BTC-31DEC21-36000-C", "index_price": 32732.6, "direction": "buy", "amount": 0.6}, {"trade_seq": 166, "trade_id": "167930277", "timestamp": 1625797219168, "tick_direction": 0, "price": 0.2195, "mark_price": 0.22065986, "iv": 90.46, "instrument_name": "BTC-31DEC21-36000-C", "index_price": 32734.77, "direction": "buy", "amount": 0.6}, {"trade_seq": 165, "trade_id": "167924662", "timestamp": 1625792893390, "tick_direction": 2, "price": 0.215, "mark_price": 0.2150717, "iv": 90.77, "instrument_name": "BTC-31DEC21-36000-C", "index_price": 32317.36, "direction": "sell", "amount": 0.6}, {"trade_seq": 164, "trade_id": "167919018", "timestamp": 1625789772284, "tick_direction": 0, "price": 0.2215, "mark_price": 0.22022674, "iv": 91.24, "instrument_name": "BTC-31DEC21-36000-C", "index_price": 32816.3, "direction": "sell", "amount": 0.1}, {"trade_seq": 163, "trade_id": "167913940", "timestamp": 1625785204514, "tick_direction": 3, "price": 0.219, "mark_price": 0.21764611, "iv": 91.24, "instrument_name": "BTC-31DEC21-36000-C", "index_price": 32571.86, "direction": "sell", "amount": 0.1}, {"trade_seq": 162, "trade_id": "167913937", "timestamp": 1625785203938, "tick_direction": 3, "price": 0.219, "mark_price": 0.21766219, "iv": 91.23, "instrument_name": "BTC-31DEC21-36000-C", "index_price": 32572.91, "direction": "sell", "amount": 0.1}, {"trade_seq": 161, "trade_id": "167913933", "timestamp": 1625785203589, "tick_direction": 3, "price": 0.219, "mark_price": 0.21766219, "iv": 91.23, "instrument_name": "BTC-31DEC21-36000-C", "index_price": 32572.91, "direction": "sell", "amount": 0.1}, {"trade_seq": 160, "trade_id": "167913930", "timestamp": 1625785203114, "tick_direction": 2, "price": 0.219, "mark_price": 0.21754466, "iv": 91.24, "instrument_name": "BTC-31DEC21-36000-C", "index_price": 32570.16, "direction": "sell", "amount": 0.2}, {"trade_seq": 159, "trade_id": "167855604", "timestamp": 1625747769443, "tick_direction": 0, "price": 0.229, "mark_price": 0.225594, "iv": 92.96, "instrument_name": "BTC-31DEC21-36000-C", "index_price": 32903.35, "direction": "sell", "amount": 0.2}, {"trade_seq": 158, "trade_id": "167839072", "timestamp": 1625741813145, "tick_direction": 2, "price": 0.2215, "mark_price": 0.22121008, "iv": 91.99, "instrument_name": "BTC-31DEC21-36000-C", "index_price": 32510.17, "direction": "sell", "amount": 0.3}, {"trade_seq": 157, "trade_id": "167415879", "timestamp": 1625553780804, "tick_direction": 1, "price": 0.2465, "mark_price": 0.24563732, "iv": 91.42, "instrument_name": "BTC-31DEC21-36000-C", "index_price": 34733.12, "direction": "sell", "amount": 0.1}, {"trade_seq": 156, "trade_id": "167415878", "timestamp": 1625553779594, "tick_direction": 0, "price": 0.2465, "mark_price": 0.2456324, "iv": 91.42, "instrument_name": "BTC-31DEC21-36000-C", "index_price": 34733.08, "direction": "sell", "amount": 0.2}, {"trade_seq": 155, "trade_id": "167415822", "timestamp": 1625553655732, "tick_direction": 3, "price": 0.246, "mark_price": 0.24544093, "iv": 91.19, "instrument_name": "BTC-31DEC21-36000-C", "index_price": 34739.7, "direction": "sell", "amount": 0.1}, {"trade_seq": 154, "trade_id": "167415821", "timestamp": 1625553654546, "tick_direction": 2, "price": 0.246, "mark_price": 0.24544729, "iv": 91.21, "instrument_name": "BTC-31DEC21-36000-C", "index_price": 34735.12, "direction": "sell", "amount": 0.1}, {"trade_seq": 153, "trade_id": "167415811", "timestamp": 1625553650515, "tick_direction": 0, "price": 0.248, "mark_price": 0.2454068, "iv": 91.97, "instrument_name": "BTC-31DEC21-36000-C", "index_price": 34732.77, "direction": "sell", "amount": 0.5}, {"trade_seq": 152, "trade_id": "167403249", "timestamp": 1625546656070, "tick_direction": 0, "price": 0.246, "mark_price": 0.24554762, "iv": 91.29, "instrument_name": "BTC-31DEC21-36000-C", "index_price": 34724.36, "direction": "buy", "amount": 0.6}, {"trade_seq": 151, "trade_id": "167384189", "timestamp": 1625538313323, "tick_direction": 1, "price": 0.237, "mark_price": 0.23611712, "iv": 91.71, "instrument_name": "BTC-31DEC21-36000-C", "index_price": 33831.51, "direction": "buy", "amount": 0.1}, {"trade_seq": 150, "trade_id": "167384185", "timestamp": 1625538312589, "tick_direction": 1, "price": 0.237, "mark_price": 0.23611712, "iv": 91.71, "instrument_name": "BTC-31DEC21-36000-C", "index_price": 33831.51, "direction": "buy", "amount": 0.1}, {"trade_seq": 149, "trade_id": "167384180", "timestamp": 1625538312206, "tick_direction": 1, "price": 0.237, "mark_price": 0.23605495, "iv": 91.71, "instrument_name": "BTC-31DEC21-36000-C", "index_price": 33821.78, "direction": "buy", "amount": 0.1}, {"trade_seq": 148, "trade_id": "167384173", "timestamp": 1625538311728, "tick_direction": 0, "price": 0.237, "mark_price": 0.23605495, "iv": 91.71, "instrument_name": "BTC-31DEC21-36000-C", "index_price": 33821.78, "direction": "buy", "amount": 0.1}, {"trade_seq": 147, "trade_id": "167384051", "timestamp": 1625538273154, "tick_direction": 1, "price": 0.236, "mark_price": 0.23538812, "iv": 91.6, "instrument_name": "BTC-31DEC21-36000-C", "index_price": 33759.53, "direction": "buy", "amount": 0.6}, {"trade_seq": 146, "trade_id": "167384025", "timestamp": 1625538263362, "tick_direction": 1, "price": 0.236, "mark_price": 0.23528354, "iv": 91.64, "instrument_name": "BTC-31DEC21-36000-C", "index_price": 33753.71, "direction": "buy", "amount": 0.5}, {"trade_seq": 145, "trade_id": "167384011", "timestamp": 1625538232923, "tick_direction": 0, "price": 0.236, "mark_price": 0.23516029, "iv": 91.69, "instrument_name": "BTC-31DEC21-36000-C", "index_price": 33742.14, "direction": "buy", "amount": 0.1}, {"trade_seq": 144, "trade_id": "167323888", "timestamp": 1625507026494, "tick_direction": 2, "price": 0.2305, "mark_price": 0.23003438, "iv": 92.0, "instrument_name": "BTC-31DEC21-36000-C", "index_price": 33173.44, "direction": "sell", "amount": 0.5}, {"trade_seq": 143, "trade_id": "167252645", "timestamp": 1625472172730, "tick_direction": 1, "price": 0.2415, "mark_price": 0.24260227, "iv": 91.68, "instrument_name": "BTC-31DEC21-36000-C", "index_price": 34292.06, "direction": "buy", "amount": 0.1}, {"trade_seq": 142, "trade_id": "167252643", "timestamp": 1625472172365, "tick_direction": 0, "price": 0.2415, "mark_price": 0.24260227, "iv": 91.68, "instrument_name": "BTC-31DEC21-36000-C", "index_price": 34292.06, "direction": "buy", "amount": 0.4}, {"trade_seq": 141, "trade_id": "167231893", "timestamp": 1625458251135, "tick_direction": 2, "price": 0.241, "mark_price": 0.24276968, "iv": 91.89, "instrument_name": "BTC-31DEC21-36000-C", "index_price": 34164.68, "direction": "buy", "amount": 0.2}, {"trade_seq": 140, "trade_id": "167226113", "timestamp": 1625455915956, "tick_direction": 2, "price": 0.245, "mark_price": 0.2452398, "iv": 92.42, "instrument_name": "BTC-31DEC21-36000-C", "index_price": 34378.83, "direction": "buy", "amount": 0.1}, {"trade_seq": 139, "trade_id": "167129060", "timestamp": 1625391963158, "tick_direction": 0, "price": 0.2615, "mark_price": 0.25920305, "iv": 93.77, "instrument_name": "BTC-31DEC21-36000-C", "index_price": 35470.46, "direction": "buy", "amount": 0.2}, {"trade_seq": 138, "trade_id": "167119327", "timestamp": 1625385872747, "tick_direction": 0, "price": 0.257, "mark_price": 0.26024809, "iv": 91.38, "instrument_name": "BTC-31DEC21-36000-C", "index_price": 35631.51, "direction": "buy", "amount": 0.1}, {"trade_seq": 137, "trade_id": "166710337", "timestamp": 1625176208169, "tick_direction": 3, "price": 0.2385, "mark_price": 0.24032612, "iv": 92.5, "instrument_name": "BTC-31DEC21-36000-C", "index_price": 33478.88, "direction": "sell", "amount": 0.1}, {"trade_seq": 136, "trade_id": "166710336", "timestamp": 1625176208146, "tick_direction": 3, "price": 0.2385, "mark_price": 0.24032612, "iv": 92.5, "instrument_name": "BTC-31DEC21-36000-C", "index_price": 33478.88, "direction": "sell", "amount": 0.1}, {"trade_seq": 135, "trade_id": "166710333", "timestamp": 1625176204650, "tick_direction": 3, "price": 0.2385, "mark_price": 0.24012959, "iv": 92.58, "instrument_name": "BTC-31DEC21-36000-C", "index_price": 33460.29, "direction": "sell", "amount": 0.1}, {"trade_seq": 134, "trade_id": "166710332", "timestamp": 1625176204500, "tick_direction": 2, "price": 0.2385, "mark_price": 0.24012959, "iv": 92.58, "instrument_name": "BTC-31DEC21-36000-C", "index_price": 33460.29, "direction": "sell", "amount": 0.5}, {"trade_seq": 133, "trade_id": "166710315", "timestamp": 1625176203198, "tick_direction": 3, "price": 0.239, "mark_price": 0.24003794, "iv": 92.8, "instrument_name": "BTC-31DEC21-36000-C", "index_price": 33450.88, "direction": "buy", "amount": 0.5}, {"trade_seq": 132, "trade_id": "166710314", "timestamp": 1625176203195, "tick_direction": 2, "price": 0.239, "mark_price": 0.24003794, "iv": 92.8, "instrument_name": "BTC-31DEC21-36000-C", "index_price": 33450.88, "direction": "buy", "amount": 0.1}, {"trade_seq": 131, "trade_id": "166647273", "timestamp": 1625137422121, "tick_direction": 2, "price": 0.244, "mark_price": 0.2421988, "iv": 95.07, "instrument_name": "BTC-31DEC21-36000-C", "index_price": 33310.88, "direction": "sell", "amount": 0.1}, {"trade_seq": 130, "trade_id": "166622774", "timestamp": 1625127138047, "tick_direction": 3, "price": 0.2455, "mark_price": 0.24464211, "iv": 94.88, "instrument_name": "BTC-31DEC21-36000-C", "index_price": 33493.19, "direction": "sell", "amount": 0.1}, {"trade_seq": 129, "trade_id": "166622770", "timestamp": 1625127136054, "tick_direction": 3, "price": 0.2455, "mark_price": 0.24464656, "iv": 94.87, "instrument_name": "BTC-31DEC21-36000-C", "index_price": 33496.96, "direction": "sell", "amount": 0.1}, {"trade_seq": 128, "trade_id": "166622769", "timestamp": 1625127135499, "tick_direction": 2, "price": 0.2455, "mark_price": 0.24463938, "iv": 94.87, "instrument_name": "BTC-31DEC21-36000-C", "index_price": 33495.67, "direction": "sell", "amount": 0.3}, {"trade_seq": 127, "trade_id": "166357545", "timestamp": 1625040153920, "tick_direction": 2, "price": 0.261, "mark_price": 0.26077712, "iv": 93.07, "instrument_name": "BTC-31DEC21-36000-C", "index_price": 35193.27, "direction": "sell", "amount": 0.7}, {"trade_seq": 126, "trade_id": "166357474", "timestamp": 1625040128111, "tick_direction": 3, "price": 0.262, "mark_price": 0.26076684, "iv": 93.47, "instrument_name": "BTC-31DEC21-36000-C", "index_price": 35168.22, "direction": "buy", "amount": 0.3}, {"trade_seq": 125, "trade_id": "166357473", "timestamp": 1625040127549, "tick_direction": 3, "price": 0.262, "mark_price": 0.26077436, "iv": 93.46, "instrument_name": "BTC-31DEC21-36000-C", "index_price": 35172.38, "direction": "buy", "amount": 0.3}, {"trade_seq": 124, "trade_id": "166357472", "timestamp": 1625040127541, "tick_direction": 2, "price": 0.262, "mark_price": 0.26077436, "iv": 93.46, "instrument_name": "BTC-31DEC21-36000-C", "index_price": 35172.38, "direction": "buy", "amount": 0.3}, {"trade_seq": 123, "trade_id": "166357050", "timestamp": 1625039998844, "tick_direction": 2, "price": 0.2635, "mark_price": 0.26181405, "iv": 93.73, "instrument_name": "BTC-31DEC21-36000-C", "index_price": 35254.84, "direction": "buy", "amount": 0.1}, {"trade_seq": 122, "trade_id": "166310578", "timestamp": 1625022895308, "tick_direction": 0, "price": 0.265, "mark_price": 0.26493578, "iv": 93.27, "instrument_name": "BTC-31DEC21-36000-C", "index_price": 35463.09, "direction": "sell", "amount": 1.3}, {"trade_seq": 121, "trade_id": "166068928", "timestamp": 1624924444398, "tick_direction": 0, "price": 0.261, "mark_price": 0.25893414, "iv": 95.83, "instrument_name": "BTC-31DEC21-36000-C", "index_price": 34457.89, "direction": "sell", "amount": 1.0}, {"trade_seq": 120, "trade_id": "166025894", "timestamp": 1624902134636, "tick_direction": 2, "price": 0.256, "mark_price": 0.25560474, "iv": 95.19, "instrument_name": "BTC-31DEC21-36000-C", "index_price": 34148.82, "direction": "sell", "amount": 0.1}, {"trade_seq": 119, "trade_id": "166018049", "timestamp": 1624900702914, "tick_direction": 3, "price": 0.26, "mark_price": 0.26020005, "iv": 94.66, "instrument_name": "BTC-31DEC21-36000-C", "index_price": 34653.1, "direction": "buy", "amount": 0.1}, {"trade_seq": 118, "trade_id": "166018037", "timestamp": 1624900697062, "tick_direction": 3, "price": 0.26, "mark_price": 0.2603367, "iv": 94.63, "instrument_name": "BTC-31DEC21-36000-C", "index_price": 34661.57, "direction": "buy", "amount": 0.1}, {"trade_seq": 117, "trade_id": "166017997", "timestamp": 1624900677775, "tick_direction": 3, "price": 0.26, "mark_price": 0.26033477, "iv": 94.63, "instrument_name": "BTC-31DEC21-36000-C", "index_price": 34657.81, "direction": "buy", "amount": 0.1}, {"trade_seq": 116, "trade_id": "166017995", "timestamp": 1624900677421, "tick_direction": 3, "price": 0.26, "mark_price": 0.26033477, "iv": 94.63, "instrument_name": "BTC-31DEC21-36000-C", "index_price": 34655.01, "direction": "buy", "amount": 0.1}, {"trade_seq": 115, "trade_id": "166017974", "timestamp": 1624900676722, "tick_direction": 3, "price": 0.26, "mark_price": 0.26001787, "iv": 94.63, "instrument_name": "BTC-31DEC21-36000-C", "index_price": 34655.01, "direction": "buy", "amount": 0.1}, {"trade_seq": 114, "trade_id": "166017866", "timestamp": 1624900675594, "tick_direction": 3, "price": 0.26, "mark_price": 0.26001921, "iv": 94.75, "instrument_name": "BTC-31DEC21-36000-C", "index_price": 34624.67, "direction": "buy", "amount": 0.1}, {"trade_seq": 113, "trade_id": "166017821", "timestamp": 1624900675498, "tick_direction": 3, "price": 0.26, "mark_price": 0.26001921, "iv": 94.75, "instrument_name": "BTC-31DEC21-36000-C", "index_price": 34624.67, "direction": "buy", "amount": 0.1}, {"trade_seq": 112, "trade_id": "166017724", "timestamp": 1624900607697, "tick_direction": 3, "price": 0.26, "mark_price": 0.25980434, "iv": 94.79, "instrument_name": "BTC-31DEC21-36000-C", "index_price": 34620.88, "direction": "buy", "amount": 0.1}, {"trade_seq": 111, "trade_id": "166017704", "timestamp": 1624900607045, "tick_direction": 3, "price": 0.26, "mark_price": 0.25979445, "iv": 94.87, "instrument_name": "BTC-31DEC21-36000-C", "index_price": 34603.72, "direction": "buy", "amount": 1.5}, {"trade_seq": 110, "trade_id": "166017703", "timestamp": 1624900607030, "tick_direction": 3, "price": 0.26, "mark_price": 0.25979445, "iv": 94.87, "instrument_name": "BTC-31DEC21-36000-C", "index_price": 34603.72, "direction": "buy", "amount": 0.5}, {"trade_seq": 109, "trade_id": "166017504", "timestamp": 1624900527687, "tick_direction": 3, "price": 0.26, "mark_price": 0.2596554, "iv": 94.96, "instrument_name": "BTC-31DEC21-36000-C", "index_price": 34566.45, "direction": "buy", "amount": 0.1}, {"trade_seq": 108, "trade_id": "166017175", "timestamp": 1624900318241, "tick_direction": 3, "price": 0.26, "mark_price": 0.26004019, "iv": 94.89, "instrument_name": "BTC-31DEC21-36000-C", "index_price": 34560.05, "direction": "buy", "amount": 0.1}, {"trade_seq": 107, "trade_id": "166017167", "timestamp": 1624900318074, "tick_direction": 3, "price": 0.26, "mark_price": 0.26004019, "iv": 94.9, "instrument_name": "BTC-31DEC21-36000-C", "index_price": 34558.41, "direction": "buy", "amount": 0.1}, {"trade_seq": 106, "trade_id": "166017165", "timestamp": 1624900315501, "tick_direction": 3, "price": 0.26, "mark_price": 0.25999626, "iv": 94.91, "instrument_name": "BTC-31DEC21-36000-C", "index_price": 34552.93, "direction": "buy", "amount": 0.1}, {"trade_seq": 105, "trade_id": "166017164", "timestamp": 1624900315343, "tick_direction": 3, "price": 0.26, "mark_price": 0.25999626, "iv": 94.91, "instrument_name": "BTC-31DEC21-36000-C", "index_price": 34552.93, "direction": "buy", "amount": 0.1}, {"trade_seq": 104, "trade_id": "166017156", "timestamp": 1624900315269, "tick_direction": 3, "price": 0.26, "mark_price": 0.25999626, "iv": 94.91, "instrument_name": "BTC-31DEC21-36000-C", "index_price": 34552.93, "direction": "buy", "amount": 0.3}, {"trade_seq": 103, "trade_id": "166017152", "timestamp": 1624900304767, "tick_direction": 2, "price": 0.26, "mark_price": 0.25999815, "iv": 94.92, "instrument_name": "BTC-31DEC21-36000-C", "index_price": 34555.41, "direction": "buy", "amount": 0.4}, {"trade_seq": 102, "trade_id": "165987391", "timestamp": 1624890499394, "tick_direction": 0, "price": 0.2635, "mark_price": 0.25920279, "iv": 96.87, "instrument_name": "BTC-31DEC21-36000-C", "index_price": 34419.8, "direction": "buy", "amount": 0.2}, {"trade_seq": 101, "trade_id": "165702402", "timestamp": 1624786888351, "tick_direction": 0, "price": 0.2465, "mark_price": 0.24221442, "iv": 96.99, "instrument_name": "BTC-31DEC21-36000-C", "index_price": 32729.73, "direction": "sell", "amount": 0.5}, {"trade_seq": 100, "trade_id": "165700577", "timestamp": 1624786520262, "tick_direction": 0, "price": 0.246, "mark_price": 0.2429639, "iv": 96.76, "instrument_name": "BTC-31DEC21-36000-C", "index_price": 32726.4, "direction": "sell", "amount": 0.4}, {"trade_seq": 99, "trade_id": "165700468", "timestamp": 1624786499767, "tick_direction": 2, "price": 0.2455, "mark_price": 0.24253693, "iv": 96.69, "instrument_name": "BTC-31DEC21-36000-C", "index_price": 32689.91, "direction": "sell", "amount": 0.4}, {"trade_seq": 98, "trade_id": "165619204", "timestamp": 1624756631781, "tick_direction": 1, "price": 0.247, "mark_price": 0.24308096, "iv": 97.46, "instrument_name": "BTC-31DEC21-36000-C", "index_price": 32415.57, "direction": "buy", "amount": 0.1}, {"trade_seq": 97, "trade_id": "165619193", "timestamp": 1624756624427, "tick_direction": 0, "price": 0.247, "mark_price": 0.24306427, "iv": 97.47, "instrument_name": "BTC-31DEC21-36000-C", "index_price": 32415.21, "direction": "buy", "amount": 0.1}, {"trade_seq": 96, "trade_id": "165606134", "timestamp": 1624752476640, "tick_direction": 3, "price": 0.237, "mark_price": 0.23826309, "iv": 95.03, "instrument_name": "BTC-31DEC21-36000-C", "index_price": 32115.72, "direction": "buy", "amount": 0.1}, {"trade_seq": 95, "trade_id": "165602157", "timestamp": 1624751741224, "tick_direction": 3, "price": 0.237, "mark_price": 0.23892045, "iv": 95.95, "instrument_name": "BTC-31DEC21-36000-C", "index_price": 31865.59, "direction": "sell", "amount": 0.1}, {"trade_seq": 94, "trade_id": "165602120", "timestamp": 1624751714942, "tick_direction": 3, "price": 0.237, "mark_price": 0.23901483, "iv": 95.98, "instrument_name": "BTC-31DEC21-36000-C", "index_price": 31846.2, "direction": "sell", "amount": 0.1}, {"trade_seq": 93, "trade_id": "165602118", "timestamp": 1624751713407, "tick_direction": 3, "price": 0.237, "mark_price": 0.23905278, "iv": 95.91, "instrument_name": "BTC-31DEC21-36000-C", "index_price": 31863.9, "direction": "sell", "amount": 0.1}, {"trade_seq": 92, "trade_id": "165602116", "timestamp": 1624751713290, "tick_direction": 3, "price": 0.237, "mark_price": 0.23905278, "iv": 95.91, "instrument_name": "BTC-31DEC21-36000-C", "index_price": 31863.9, "direction": "sell", "amount": 0.1}, {"trade_seq": 91, "trade_id": "165602105", "timestamp": 1624751713112, "tick_direction": 3, "price": 0.237, "mark_price": 0.23905278, "iv": 95.91, "instrument_name": "BTC-31DEC21-36000-C", "index_price": 31863.9, "direction": "sell", "amount": 0.1}, {"trade_seq": 90, "trade_id": "165602087", "timestamp": 1624751713042, "tick_direction": 3, "price": 0.237, "mark_price": 0.23905278, "iv": 95.91, "instrument_name": "BTC-31DEC21-36000-C", "index_price": 31863.9, "direction": "sell", "amount": 0.1}, {"trade_seq": 89, "trade_id": "165602079", "timestamp": 1624751712495, "tick_direction": 3, "price": 0.237, "mark_price": 0.23906529, "iv": 95.9, "instrument_name": "BTC-31DEC21-36000-C", "index_price": 31865.53, "direction": "sell", "amount": 0.1}, {"trade_seq": 88, "trade_id": "165602077", "timestamp": 1624751712207, "tick_direction": 3, "price": 0.237, "mark_price": 0.23906529, "iv": 95.9, "instrument_name": "BTC-31DEC21-36000-C", "index_price": 31865.53, "direction": "sell", "amount": 0.1}, {"trade_seq": 87, "trade_id": "165602073", "timestamp": 1624751708887, "tick_direction": 3, "price": 0.237, "mark_price": 0.2391158, "iv": 95.88, "instrument_name": "BTC-31DEC21-36000-C", "index_price": 31871.86, "direction": "sell", "amount": 0.1}, {"trade_seq": 86, "trade_id": "165602072", "timestamp": 1624751705529, "tick_direction": 2, "price": 0.237, "mark_price": 0.23923894, "iv": 95.84, "instrument_name": "BTC-31DEC21-36000-C", "index_price": 31885.12, "direction": "sell", "amount": 0.1}, {"trade_seq": 85, "trade_id": "165597124", "timestamp": 1624748221671, "tick_direction": 2, "price": 0.2389, "mark_price": 0.23744798, "iv": 97.2, "instrument_name": "BTC-31DEC21-36000-C", "index_price": 31721.21, "direction": "buy", "block_trade_id": "16657", "amount": 50.0}, {"trade_seq": 84, "trade_id": "165597059", "timestamp": 1624748183230, "tick_direction": 0, "price": 0.239, "mark_price": 0.23718569, "iv": 97.35, "instrument_name": "BTC-31DEC21-36000-C", "index_price": 31713.59, "direction": "buy", "block_trade_id": "16656", "amount": 50.0}, {"trade_seq": 83, "trade_id": "165597015", "timestamp": 1624748106639, "tick_direction": 2, "price": 0.2388, "mark_price": 0.23729117, "iv": 97.26, "instrument_name": "BTC-31DEC21-36000-C", "index_price": 31705.59, "direction": "buy", "block_trade_id": "16654", "amount": 50.0}, {"trade_seq": 82, "trade_id": "165596930", "timestamp": 1624748027731, "tick_direction": 0, "price": 0.239, "mark_price": 0.23735707, "iv": 97.34, "instrument_name": "BTC-31DEC21-36000-C", "index_price": 31709.49, "direction": "buy", "block_trade_id": "16651", "amount": 50.0}, {"trade_seq": 81, "trade_id": "165596872", "timestamp": 1624747896851, "tick_direction": 0, "price": 0.2377, "mark_price": 0.23749025, "iv": 96.86, "instrument_name": "BTC-31DEC21-36000-C", "index_price": 31699.47, "direction": "buy", "block_trade_id": "16648", "amount": 50.0}, {"trade_seq": 80, "trade_id": "165590248", "timestamp": 1624743237255, "tick_direction": 2, "price": 0.2315, "mark_price": 0.23233753, "iv": 96.74, "instrument_name": "BTC-31DEC21-36000-C", "index_price": 31233.17, "direction": "sell", "amount": 0.1}, {"trade_seq": 79, "trade_id": "165349480", "timestamp": 1624666154664, "tick_direction": 3, "price": 0.237, "mark_price": 0.23578675, "iv": 96.71, "instrument_name": "BTC-31DEC21-36000-C", "index_price": 31566.84, "direction": "sell", "amount": 0.1}, {"trade_seq": 78, "trade_id": "165349475", "timestamp": 1624666154364, "tick_direction": 3, "price": 0.237, "mark_price": 0.23578675, "iv": 96.67, "instrument_name": "BTC-31DEC21-36000-C", "index_price": 31574.53, "direction": "sell", "amount": 0.1}, {"trade_seq": 77, "trade_id": "165349450", "timestamp": 1624666150140, "tick_direction": 2, "price": 0.237, "mark_price": 0.23596237, "iv": 96.6, "instrument_name": "BTC-31DEC21-36000-C", "index_price": 31592.28, "direction": "sell", "amount": 0.1}, {"trade_seq": 76, "trade_id": "165222865", "timestamp": 1624634515962, "tick_direction": 1, "price": 0.2455, "mark_price": 0.24526656, "iv": 95.44, "instrument_name": "BTC-31DEC21-36000-C", "index_price": 32741.89, "direction": "buy", "amount": 0.1}, {"trade_seq": 75, "trade_id": "165222844", "timestamp": 1624634508235, "tick_direction": 1, "price": 0.2455, "mark_price": 0.24521999, "iv": 95.44, "instrument_name": "BTC-31DEC21-36000-C", "index_price": 32736.07, "direction": "buy", "amount": 0.1}, {"trade_seq": 74, "trade_id": "165222841", "timestamp": 1624634507367, "tick_direction": 1, "price": 0.2455, "mark_price": 0.24521999, "iv": 95.46, "instrument_name": "BTC-31DEC21-36000-C", "index_price": 32739.98, "direction": "buy", "amount": 0.1}, {"trade_seq": 73, "trade_id": "165222788", "timestamp": 1624634500153, "tick_direction": 1, "price": 0.2455, "mark_price": 0.24525443, "iv": 95.44, "instrument_name": "BTC-31DEC21-36000-C", "index_price": 32738.99, "direction": "buy", "amount": 0.1}, {"trade_seq": 72, "trade_id": "165222771", "timestamp": 1624634496023, "tick_direction": 1, "price": 0.2455, "mark_price": 0.24523026, "iv": 95.44, "instrument_name": "BTC-31DEC21-36000-C", "index_price": 32735.93, "direction": "buy", "amount": 0.1}, {"trade_seq": 71, "trade_id": "165222765", "timestamp": 1624634495284, "tick_direction": 0, "price": 0.2455, "mark_price": 0.24523026, "iv": 95.45, "instrument_name": "BTC-31DEC21-36000-C", "index_price": 32735.93, "direction": "buy", "amount": 0.1}, {"trade_seq": 70, "trade_id": "165221927", "timestamp": 1624634359450, "tick_direction": 1, "price": 0.2445, "mark_price": 0.24451851, "iv": 95.31, "instrument_name": "BTC-31DEC21-36000-C", "index_price": 32661.05, "direction": "buy", "amount": 0.1}, {"trade_seq": 69, "trade_id": "165221926", "timestamp": 1624634359333, "tick_direction": 1, "price": 0.2445, "mark_price": 0.24451851, "iv": 95.31, "instrument_name": "BTC-31DEC21-36000-C", "index_price": 32661.05, "direction": "buy", "amount": 0.3}, {"trade_seq": 68, "trade_id": "165221921", "timestamp": 1624634357873, "tick_direction": 1, "price": 0.2445, "mark_price": 0.24443081, "iv": 95.32, "instrument_name": "BTC-31DEC21-36000-C", "index_price": 32658.58, "direction": "buy", "amount": 0.2}, {"trade_seq": 67, "trade_id": "165221915", "timestamp": 1624634356859, "tick_direction": 1, "price": 0.2445, "mark_price": 0.24442719, "iv": 95.35, "instrument_name": "BTC-31DEC21-36000-C", "index_price": 32657.04, "direction": "buy", "amount": 0.2}, {"trade_seq": 66, "trade_id": "165221906", "timestamp": 1624634355833, "tick_direction": 1, "price": 0.2445, "mark_price": 0.24440953, "iv": 95.35, "instrument_name": "BTC-31DEC21-36000-C", "index_price": 32650.89, "direction": "buy", "amount": 0.1}, {"trade_seq": 65, "trade_id": "165221904", "timestamp": 1624634355698, "tick_direction": 1, "price": 0.2445, "mark_price": 0.24440953, "iv": 95.35, "instrument_name": "BTC-31DEC21-36000-C", "index_price": 32650.89, "direction": "buy", "amount": 0.1}, {"trade_seq": 64, "trade_id": "165221902", "timestamp": 1624634355586, "tick_direction": 1, "price": 0.2445, "mark_price": 0.24440953, "iv": 95.35, "instrument_name": "BTC-31DEC21-36000-C", "index_price": 32650.89, "direction": "buy", "amount": 0.1}, {"trade_seq": 63, "trade_id": "165221891", "timestamp": 1624634347878, "tick_direction": 1, "price": 0.2445, "mark_price": 0.24418171, "iv": 95.43, "instrument_name": "BTC-31DEC21-36000-C", "index_price": 32632.66, "direction": "buy", "amount": 0.1}, {"trade_seq": 62, "trade_id": "165221886", "timestamp": 1624634347713, "tick_direction": 1, "price": 0.2445, "mark_price": 0.24418171, "iv": 95.43, "instrument_name": "BTC-31DEC21-36000-C", "index_price": 32632.66, "direction": "buy", "amount": 0.1}, {"trade_seq": 61, "trade_id": "165221885", "timestamp": 1624634346348, "tick_direction": 1, "price": 0.2445, "mark_price": 0.24413914, "iv": 95.44, "instrument_name": "BTC-31DEC21-36000-C", "index_price": 32624.93, "direction": "buy", "amount": 0.1}, {"trade_seq": 60, "trade_id": "165221877", "timestamp": 1624634343689, "tick_direction": 1, "price": 0.2445, "mark_price": 0.24408533, "iv": 95.46, "instrument_name": "BTC-31DEC21-36000-C", "index_price": 32632.67, "direction": "buy", "amount": 0.1}, {"trade_seq": 59, "trade_id": "165221867", "timestamp": 1624634342713, "tick_direction": 1, "price": 0.2445, "mark_price": 0.24408328, "iv": 95.46, "instrument_name": "BTC-31DEC21-36000-C", "index_price": 32625.75, "direction": "buy", "amount": 0.1}, {"trade_seq": 58, "trade_id": "165221863", "timestamp": 1624634340727, "tick_direction": 0, "price": 0.2445, "mark_price": 0.24397859, "iv": 95.49, "instrument_name": "BTC-31DEC21-36000-C", "index_price": 32615.89, "direction": "buy", "amount": 0.1}, {"trade_seq": 57, "trade_id": "165221675", "timestamp": 1624634295802, "tick_direction": 3, "price": 0.244, "mark_price": 0.24354513, "iv": 95.44, "instrument_name": "BTC-31DEC21-36000-C", "index_price": 32576.74, "direction": "buy", "amount": 0.1}, {"trade_seq": 56, "trade_id": "165221674", "timestamp": 1624634294308, "tick_direction": 2, "price": 0.244, "mark_price": 0.24354908, "iv": 95.42, "instrument_name": "BTC-31DEC21-36000-C", "index_price": 32580.39, "direction": "buy", "amount": 0.1}, {"trade_seq": 55, "trade_id": "165196124", "timestamp": 1624628784426, "tick_direction": 3, "price": 0.245, "mark_price": 0.2444015, "iv": 94.5, "instrument_name": "BTC-31DEC21-36000-C", "index_price": 32973.92, "direction": "buy", "amount": 0.1}, {"trade_seq": 54, "trade_id": "165196120", "timestamp": 1624628783958, "tick_direction": 2, "price": 0.245, "mark_price": 0.24440129, "iv": 94.5, "instrument_name": "BTC-31DEC21-36000-C", "index_price": 32973.92, "direction": "buy", "amount": 0.1}, {"trade_seq": 53, "trade_id": "165138068", "timestamp": 1624610835299, "tick_direction": 3, "price": 0.2545, "mark_price": 0.25760274, "iv": 92.97, "instrument_name": "BTC-31DEC21-36000-C", "index_price": 34095.29, "direction": "sell", "amount": 0.1}, {"trade_seq": 52, "trade_id": "165137480", "timestamp": 1624610684929, "tick_direction": 2, "price": 0.2545, "mark_price": 0.25801159, "iv": 92.86, "instrument_name": "BTC-31DEC21-36000-C", "index_price": 34147.37, "direction": "sell", "amount": 0.1}, {"trade_seq": 51, "trade_id": "165132735", "timestamp": 1624609072769, "tick_direction": 2, "price": 0.2555, "mark_price": 0.25602074, "iv": 93.97, "instrument_name": "BTC-31DEC21-36000-C", "index_price": 33989.88, "direction": "buy", "amount": 0.1}, {"trade_seq": 50, "trade_id": "165097385", "timestamp": 1624599496353, "tick_direction": 2, "price": 0.2595, "mark_price": 0.25946635, "iv": 94.43, "instrument_name": "BTC-31DEC21-36000-C", "index_price": 34410.71, "direction": "sell", "amount": 7.5}, {"trade_seq": 49, "trade_id": "164602268", "timestamp": 1624430814907, "tick_direction": 0, "price": 0.26, "mark_price": 0.25931738, "iv": 95.54, "instrument_name": "BTC-31DEC21-36000-C", "index_price": 33909.82, "direction": "sell", "amount": 0.2}, {"trade_seq": 48, "trade_id": "164353358", "timestamp": 1624383403301, "tick_direction": 0, "price": 0.239, "mark_price": 0.24194726, "iv": 94.06, "instrument_name": "BTC-31DEC21-36000-C", "index_price": 32533.97, "direction": "sell", "block_trade_id": "16433", "amount": 25.0}, {"trade_seq": 47, "trade_id": "164353158", "timestamp": 1624383311725, "tick_direction": 0, "price": 0.2382, "mark_price": 0.2412076, "iv": 94.03, "instrument_name": "BTC-31DEC21-36000-C", "index_price": 32483.72, "direction": "sell", "block_trade_id": "16432", "amount": 25.0}, {"trade_seq": 46, "trade_id": "164350149", "timestamp": 1624382652052, "tick_direction": 0, "price": 0.2358, "mark_price": 0.238755, "iv": 94.37, "instrument_name": "BTC-31DEC21-36000-C", "index_price": 32178.32, "direction": "sell", "block_trade_id": "16431", "amount": 25.0}, {"trade_seq": 45, "trade_id": "164349860", "timestamp": 1624382592204, "tick_direction": 0, "price": 0.2356, "mark_price": 0.23861483, "iv": 94.34, "instrument_name": "BTC-31DEC21-36000-C", "index_price": 32198.0, "direction": "sell", "block_trade_id": "16430", "amount": 25.0}, {"trade_seq": 44, "trade_id": "164244874", "timestamp": 1624372440522, "tick_direction": 3, "price": 0.222, "mark_price": 0.22541288, "iv": 98.98, "instrument_name": "BTC-31DEC21-36000-C", "index_price": 29754.75, "direction": "buy", "amount": 1.2}, {"trade_seq": 43, "trade_id": "164244830", "timestamp": 1624372434074, "tick_direction": 2, "price": 0.222, "mark_price": 0.22534906, "iv": 99.01, "instrument_name": "BTC-31DEC21-36000-C", "index_price": 29760.93, "direction": "sell", "amount": 1.2}, {"trade_seq": 42, "trade_id": "163331388", "timestamp": 1624141175503, "tick_direction": 0, "price": 0.2675, "mark_price": 0.26567893, "iv": 91.85, "instrument_name": "BTC-31DEC21-36000-C", "index_price": 35707.57, "direction": "buy", "block_trade_id": "16219", "amount": 70.0}, {"trade_seq": 41, "trade_id": "163331161", "timestamp": 1624140998971, "tick_direction": 0, "price": 0.2666, "mark_price": 0.26553898, "iv": 91.58, "instrument_name": "BTC-31DEC21-36000-C", "index_price": 35712.87, "direction": "buy", "block_trade_id": "16217", "amount": 50.0}, {"trade_seq": 40, "trade_id": "163331088", "timestamp": 1624140941996, "tick_direction": 0, "price": 0.2665, "mark_price": 0.26519306, "iv": 91.64, "instrument_name": "BTC-31DEC21-36000-C", "index_price": 35676.14, "direction": "buy", "block_trade_id": "16215", "amount": 50.0}, {"trade_seq": 39, "trade_id": "163331050", "timestamp": 1624140888265, "tick_direction": 0, "price": 0.2662, "mark_price": 0.26527867, "iv": 91.5, "instrument_name": "BTC-31DEC21-36000-C", "index_price": 35693.23, "direction": "buy", "block_trade_id": "16213", "amount": 50.0}, {"trade_seq": 38, "trade_id": "163331033", "timestamp": 1624140855985, "tick_direction": 2, "price": 0.266, "mark_price": 0.26514701, "iv": 91.47, "instrument_name": "BTC-31DEC21-36000-C", "index_price": 35683.8, "direction": "buy", "block_trade_id": "16212", "amount": 50.0}, {"trade_seq": 37, "trade_id": "163234076", "timestamp": 1624098119487, "tick_direction": 3, "price": 0.269, "mark_price": 0.26949218, "iv": 92.43, "instrument_name": "BTC-31DEC21-36000-C", "index_price": 35632.4, "direction": "buy", "amount": 0.8}, {"trade_seq": 36, "trade_id": "163234075", "timestamp": 1624098119483, "tick_direction": 3, "price": 0.269, "mark_price": 0.26949218, "iv": 92.43, "instrument_name": "BTC-31DEC21-36000-C", "index_price": 35632.4, "direction": "buy", "amount": 0.3}, {"trade_seq": 35, "trade_id": "163234073", "timestamp": 1624098119465, "tick_direction": 2, "price": 0.269, "mark_price": 0.26949218, "iv": 92.43, "instrument_name": "BTC-31DEC21-36000-C", "index_price": 35632.4, "direction": "sell", "amount": 0.2}, {"trade_seq": 34, "trade_id": "163229200", "timestamp": 1624095521277, "tick_direction": 1, "price": 0.2705, "mark_price": 0.27100426, "iv": 92.34, "instrument_name": "BTC-31DEC21-36000-C", "index_price": 35810.52, "direction": "buy", "amount": 0.4}, {"trade_seq": 33, "trade_id": "163229199", "timestamp": 1624095521252, "tick_direction": 0, "price": 0.2705, "mark_price": 0.27100426, "iv": 92.34, "instrument_name": "BTC-31DEC21-36000-C", "index_price": 35810.52, "direction": "sell", "amount": 0.3}, {"trade_seq": 32, "trade_id": "163227609", "timestamp": 1624094190638, "tick_direction": 2, "price": 0.267, "mark_price": 0.26799787, "iv": 91.09, "instrument_name": "BTC-31DEC21-36000-C", "index_price": 35770.38, "direction": "buy", "amount": 0.3}, {"trade_seq": 31, "trade_id": "163226986", "timestamp": 1624094021912, "tick_direction": 3, "price": 0.2685, "mark_price": 0.27015003, "iv": 91.43, "instrument_name": "BTC-31DEC21-36000-C", "index_price": 35845.96, "direction": "buy", "amount": 0.3}, {"trade_seq": 30, "trade_id": "163226819", "timestamp": 1624093932280, "tick_direction": 2, "price": 0.2685, "mark_price": 0.27137456, "iv": 91.33, "instrument_name": "BTC-31DEC21-36000-C", "index_price": 35873.47, "direction": "buy", "amount": 0.3}, {"trade_seq": 29, "trade_id": "163224682", "timestamp": 1624092565272, "tick_direction": 3, "price": 0.271, "mark_price": 0.27129532, "iv": 92.01, "instrument_name": "BTC-31DEC21-36000-C", "index_price": 35906.49, "direction": "buy", "amount": 0.3}, {"trade_seq": 28, "trade_id": "163221317", "timestamp": 1624091517012, "tick_direction": 3, "price": 0.271, "mark_price": 0.27277741, "iv": 92.42, "instrument_name": "BTC-31DEC21-36000-C", "index_price": 35808.84, "direction": "buy", "amount": 0.2}, {"trade_seq": 27, "trade_id": "163221316", "timestamp": 1624091516917, "tick_direction": 2, "price": 0.271, "mark_price": 0.27279014, "iv": 92.42, "instrument_name": "BTC-31DEC21-36000-C", "index_price": 35808.84, "direction": "sell", "amount": 0.2}