{"trades": [{"trade_seq": 2265, "trade_id": "238258166", "timestamp": 1671960792341, "tick_direction": 1, "price": 0.0005, "mark_price": 1.1e-06, "iv": 152.51, "instrument_name": "BTC-30DEC22-26000-C", "index_price": 16830.5, "direction": "sell", "amount": 3.9}, {"trade_seq": 2264, "trade_id": "238258165", "timestamp": 1671960792338, "tick_direction": 1, "price": 0.0005, "mark_price": 1.1e-06, "iv": 152.51, "instrument_name": "BTC-30DEC22-26000-C", "index_price": 16830.5, "direction": "buy", "amount": 0.1}, {"trade_seq": 2263, "trade_id": "238258164", "timestamp": 1671960792338, "tick_direction": 1, "price": 0.0005, "mark_price": 1.1e-06, "iv": 152.51, "instrument_name": "BTC-30DEC22-26000-C", "index_price": 16830.5, "direction": "buy", "amount": 5.0}, {"trade_seq": 2262, "trade_id": "238258163", "timestamp": 1671960792338, "tick_direction": 0, "price": 0.0005, "mark_price": 1.1e-06, "iv": 152.51, "instrument_name": "BTC-30DEC22-26000-C", "index_price": 16830.5, "direction": "buy", "amount": 1.0}, {"trade_seq": 2261, "trade_id": "238229521", "timestamp": 1671805153809, "tick_direction": 2, "price": 0.0002, "mark_price": 1.349e-05, "iv": 118.33, "instrument_name": "BTC-30DEC22-26000-C", "index_price": 16821.17, "direction": "sell", "combo_id": "BTC-CS-30DEC22-26000_27000", "block_trade_id": "59572", "amount": 13.9}, {"trade_seq": 2260, "trade_id": "238159816", "timestamp": 1671688155135, "tick_direction": 3, "price": 0.0005, "mark_price": 4.567e-05, "iv": 119.21, "instrument_name": "BTC-30DEC22-26000-C", "index_price": 16833.6, "direction": "buy", "amount": 1.2}, {"trade_seq": 2259, "trade_id": "238016385", "timestamp": 1671444455363, "tick_direction": 3, "price": 0.0005, "mark_price": 0.00021136, "iv": 103.68, "instrument_name": "BTC-30DEC22-26000-C", "index_price": 16752.63, "direction": "sell", "amount": 2.0}, {"trade_seq": 2258, "trade_id": "237990352", "timestamp": 1671365263485, "tick_direction": 3, "price": 0.0005, "mark_price": 0.00027837, "iv": 100.0, "instrument_name": "BTC-30DEC22-26000-C", "index_price": 16722.47, "direction": "sell", "amount": 2.8}, {"trade_seq": 2257, "trade_id": "237990350", "timestamp": 1671365256602, "tick_direction": 3, "price": 0.0005, "mark_price": 0.00027811, "iv": 100.0, "instrument_name": "BTC-30DEC22-26000-C", "index_price": 16722.62, "direction": "sell", "amount": 1.0}, {"trade_seq": 2256, "trade_id": "237990348", "timestamp": 1671365253727, "tick_direction": 3, "price": 0.0005, "mark_price": 0.00027811, "iv": 100.0, "instrument_name": "BTC-30DEC22-26000-C", "index_price": 16722.73, "direction": "sell", "amount": 1.0}, {"trade_seq": 2255, "trade_id": "237990347", "timestamp": 1671365251479, "tick_direction": 3, "price": 0.0005, "mark_price": 0.00027823, "iv": 99.99, "instrument_name": "BTC-30DEC22-26000-C", "index_price": 16722.86, "direction": "sell", "amount": 1.0}, {"trade_seq": 2254, "trade_id": "237990346", "timestamp": 1671365248366, "tick_direction": 3, "price": 0.0005, "mark_price": 0.00027811, "iv": 99.99, "instrument_name": "BTC-30DEC22-26000-C", "index_price": 16722.64, "direction": "sell", "amount": 1.0}, {"trade_seq": 2253, "trade_id": "237953066", "timestamp": 1671256384083, "tick_direction": 3, "price": 0.0005, "mark_price": 0.00027796, "iv": 95.57, "instrument_name": "BTC-30DEC22-26000-C", "index_price": 16693.17, "direction": "sell", "amount": 2.0}, {"trade_seq": 2252, "trade_id": "237807553", "timestamp": 1671113184005, "tick_direction": 3, "price": 0.0005, "mark_price": 0.00055237, "iv": 81.15, "instrument_name": "BTC-30DEC22-26000-C", "index_price": 17521.32, "direction": "sell", "amount": 0.3}, {"trade_seq": 2251, "trade_id": "237795499", "timestamp": 1671103160618, "tick_direction": 3, "price": 0.0005, "mark_price": 0.00066407, "iv": 79.31, "instrument_name": "BTC-30DEC22-26000-C", "index_price": 17671.38, "direction": "sell", "amount": 0.1}, {"trade_seq": 2250, "trade_id": "237793368", "timestamp": 1671097949913, "tick_direction": 2, "price": 0.0005, "mark_price": 0.0006487, "iv": 78.98, "instrument_name": "BTC-30DEC22-26000-C", "index_price": 17685.64, "direction": "sell", "amount": 0.1}, {"trade_seq": 2249, "trade_id": "237789353", "timestamp": 1671091402041, "tick_direction": 0, "price": 0.001, "mark_price": 0.0006795, "iv": 85.83, "instrument_name": "BTC-30DEC22-26000-C", "index_price": 17709.85, "direction": "buy", "amount": 0.2}, {"trade_seq": 2248, "trade_id": "237783909", "timestamp": 1671077554452, "tick_direction": 3, "price": 0.0005, "mark_price": 0.00071449, "iv": 78.02, "instrument_name": "BTC-30DEC22-26000-C", "index_price": 17716.53, "direction": "buy", "amount": 0.1}, {"trade_seq": 2247, "trade_id": "237783908", "timestamp": 1671077554216, "tick_direction": 3, "price": 0.0005, "mark_price": 0.00071449, "iv": 78.02, "instrument_name": "BTC-30DEC22-26000-C", "index_price": 17716.59, "direction": "buy", "amount": 0.3}, {"trade_seq": 2246, "trade_id": "237783907", "timestamp": 1671077554208, "tick_direction": 3, "price": 0.0005, "mark_price": 0.00071449, "iv": 78.02, "instrument_name": "BTC-30DEC22-26000-C", "index_price": 17716.59, "direction": "sell", "amount": 5.0}, {"trade_seq": 2245, "trade_id": "237783906", "timestamp": 1671077554208, "tick_direction": 3, "price": 0.0005, "mark_price": 0.00071449, "iv": 78.02, "instrument_name": "BTC-30DEC22-26000-C", "index_price": 17716.59, "direction": "sell", "amount": 0.1}, {"trade_seq": 2244, "trade_id": "237783905", "timestamp": 1671077554208, "tick_direction": 3, "price": 0.0005, "mark_price": 0.00071449, "iv": 78.02, "instrument_name": "BTC-30DEC22-26000-C", "index_price": 17716.59, "direction": "sell", "amount": 1.0}, {"trade_seq": 2243, "trade_id": "237783904", "timestamp": 1671077554208, "tick_direction": 3, "price": 0.0005, "mark_price": 0.00071449, "iv": 78.02, "instrument_name": "BTC-30DEC22-26000-C", "index_price": 17716.59, "direction": "sell", "amount": 0.1}, {"trade_seq": 2242, "trade_id": "237783903", "timestamp": 1671077554208, "tick_direction": 3, "price": 0.0005, "mark_price": 0.00071449, "iv": 78.02, "instrument_name": "BTC-30DEC22-26000-C", "index_price": 17716.59, "direction": "sell", "amount": 1.0}, {"trade_seq": 2241, "trade_id": "237783902", "timestamp": 1671077554208, "tick_direction": 2, "price": 0.0005, "mark_price": 0.00071449, "iv": 78.02, "instrument_name": "BTC-30DEC22-26000-C", "index_price": 17716.59, "direction": "sell", "amount": 1.0}, {"trade_seq": 2240, "trade_id": "237780411", "timestamp": 1671070058169, "tick_direction": 3, "price": 0.001, "mark_price": 0.00071454, "iv": 85.91, "instrument_name": "BTC-30DEC22-26000-C", "index_price": 17631.78, "direction": "buy", "amount": 6.3}, {"trade_seq": 2239, "trade_id": "237780410", "timestamp": 1671070058169, "tick_direction": 3, "price": 0.001, "mark_price": 0.00071454, "iv": 85.91, "instrument_name": "BTC-30DEC22-26000-C", "index_price": 17631.78, "direction": "buy", "amount": 0.1}, {"trade_seq": 2238, "trade_id": "237583380", "timestamp": 1670860960601, "tick_direction": 3, "price": 0.001, "mark_price": 0.00090374, "iv": 86.12, "instrument_name": "BTC-30DEC22-26000-C", "index_price": 17000.26, "direction": "sell", "amount": 0.7}, {"trade_seq": 2237, "trade_id": "237583379", "timestamp": 1670860950406, "tick_direction": 3, "price": 0.001, "mark_price": 0.00090069, "iv": 86.12, "instrument_name": "BTC-30DEC22-26000-C", "index_price": 16999.25, "direction": "sell", "amount": 19.3}, {"trade_seq": 2236, "trade_id": "237562813", "timestamp": 1670804796876, "tick_direction": 3, "price": 0.001, "mark_price": 0.00114555, "iv": 84.91, "instrument_name": "BTC-30DEC22-26000-C", "index_price": 16981.83, "direction": "buy", "amount": 0.1}, {"trade_seq": 2235, "trade_id": "237562812", "timestamp": 1670804796876, "tick_direction": 3, "price": 0.001, "mark_price": 0.00114555, "iv": 84.91, "instrument_name": "BTC-30DEC22-26000-C", "index_price": 16981.83, "direction": "buy", "amount": 0.7}, {"trade_seq": 2234, "trade_id": "237562811", "timestamp": 1670804796485, "tick_direction": 3, "price": 0.001, "mark_price": 0.00114555, "iv": 84.91, "instrument_name": "BTC-30DEC22-26000-C", "index_price": 16981.83, "direction": "sell", "amount": 0.2}, {"trade_seq": 2233, "trade_id": "237562810", "timestamp": 1670804796485, "tick_direction": 2, "price": 0.001, "mark_price": 0.00114555, "iv": 84.91, "instrument_name": "BTC-30DEC22-26000-C", "index_price": 16981.83, "direction": "sell", "amount": 0.1}, {"trade_seq": 2232, "trade_id": "237562413", "timestamp": 1670804420379, "tick_direction": 1, "price": 0.0015, "mark_price": 0.00120727, "iv": 89.66, "instrument_name": "BTC-30DEC22-26000-C", "index_price": 16995.59, "direction": "buy", "amount": 4.0}, {"trade_seq": 2231, "trade_id": "237562412", "timestamp": 1670804420379, "tick_direction": 0, "price": 0.0015, "mark_price": 0.00120727, "iv": 89.66, "instrument_name": "BTC-30DEC22-26000-C", "index_price": 16995.59, "direction": "buy", "amount": 1.0}, {"trade_seq": 2230, "trade_id": "237555377", "timestamp": 1670790919215, "tick_direction": 3, "price": 0.001, "mark_price": 0.00133564, "iv": 83.24, "instrument_name": "BTC-30DEC22-26000-C", "index_price": 17118.81, "direction": "sell", "amount": 0.1}, {"trade_seq": 2229, "trade_id": "237541472", "timestamp": 1670726937422, "tick_direction": 3, "price": 0.001, "mark_price": 0.00122956, "iv": 81.28, "instrument_name": "BTC-30DEC22-26000-C", "index_price": 17158.21, "direction": "sell", "amount": 3.0}, {"trade_seq": 2228, "trade_id": "237528135", "timestamp": 1670657526133, "tick_direction": 3, "price": 0.001, "mark_price": 0.00125696, "iv": 79.47, "instrument_name": "BTC-30DEC22-26000-C", "index_price": 17170.5, "direction": "sell", "amount": 0.1}, {"trade_seq": 2227, "trade_id": "237514820", "timestamp": 1670598920598, "tick_direction": 3, "price": 0.001, "mark_price": 0.00124041, "iv": 78.11, "instrument_name": "BTC-30DEC22-26000-C", "index_price": 17175.69, "direction": "sell", "amount": 0.1}, {"trade_seq": 2226, "trade_id": "237512072", "timestamp": 1670594878657, "tick_direction": 3, "price": 0.001, "mark_price": 0.0010718, "iv": 78.15, "instrument_name": "BTC-30DEC22-26000-C", "index_price": 17156.55, "direction": "sell", "amount": 10.0}, {"trade_seq": 2225, "trade_id": "237501973", "timestamp": 1670581148446, "tick_direction": 3, "price": 0.001, "mark_price": 0.00072971, "iv": 77.41, "instrument_name": "BTC-30DEC22-26000-C", "index_price": 17213.1, "direction": "buy", "amount": 0.1}, {"trade_seq": 2224, "trade_id": "237501972", "timestamp": 1670581148446, "tick_direction": 3, "price": 0.001, "mark_price": 0.00072971, "iv": 77.41, "instrument_name": "BTC-30DEC22-26000-C", "index_price": 17213.1, "direction": "buy", "amount": 1.6}, {"trade_seq": 2223, "trade_id": "237489986", "timestamp": 1670555991664, "tick_direction": 3, "price": 0.001, "mark_price": 0.00090567, "iv": 76.77, "instrument_name": "BTC-30DEC22-26000-C", "index_price": 17218.42, "direction": "buy", "amount": 9.0}, {"trade_seq": 2222, "trade_id": "237489962", "timestamp": 1670555965362, "tick_direction": 3, "price": 0.001, "mark_price": 0.00090627, "iv": 76.76, "instrument_name": "BTC-30DEC22-26000-C", "index_price": 17218.76, "direction": "buy", "amount": 9.0}, {"trade_seq": 2221, "trade_id": "237478454", "timestamp": 1670535980275, "tick_direction": 3, "price": 0.001, "mark_price": 0.00090568, "iv": 76.49, "instrument_name": "BTC-30DEC22-26000-C", "index_price": 17183.35, "direction": "sell", "amount": 1.0}, {"trade_seq": 2220, "trade_id": "237455535", "timestamp": 1670511518573, "tick_direction": 3, "price": 0.001, "mark_price": 0.00073358, "iv": 78.95, "instrument_name": "BTC-30DEC22-26000-C", "index_price": 16875.57, "direction": "buy", "amount": 18.6}, {"trade_seq": 2219, "trade_id": "237455534", "timestamp": 1670511518524, "tick_direction": 3, "price": 0.001, "mark_price": 0.00073358, "iv": 78.95, "instrument_name": "BTC-30DEC22-26000-C", "index_price": 16875.57, "direction": "buy", "amount": 1.7}, {"trade_seq": 2218, "trade_id": "237455533", "timestamp": 1670511518524, "tick_direction": 3, "price": 0.001, "mark_price": 0.00073358, "iv": 78.95, "instrument_name": "BTC-30DEC22-26000-C", "index_price": 16875.57, "direction": "buy", "amount": 15.0}, {"trade_seq": 2217, "trade_id": "237313993", "timestamp": 1670237345226, "tick_direction": 0, "price": 0.0015, "mark_price": 0.00092027, "iv": 74.03, "instrument_name": "BTC-30DEC22-26000-C", "index_price": 17322.15, "direction": "buy", "amount": 1.0}, {"trade_seq": 2216, "trade_id": "237250960", "timestamp": 1670167754740, "tick_direction": 3, "price": 0.001, "mark_price": 0.00091072, "iv": 71.14, "instrument_name": "BTC-30DEC22-26000-C", "index_price": 17042.89, "direction": "buy", "amount": 0.1}, {"trade_seq": 2215, "trade_id": "237190854", "timestamp": 1670028452967, "tick_direction": 3, "price": 0.001, "mark_price": 0.00090308, "iv": 68.91, "instrument_name": "BTC-30DEC22-26000-C", "index_price": 17057.3, "direction": "sell", "amount": 0.4}, {"trade_seq": 2214, "trade_id": "237188960", "timestamp": 1670026306379, "tick_direction": 3, "price": 0.001, "mark_price": 0.00087264, "iv": 68.76, "instrument_name": "BTC-30DEC22-26000-C", "index_price": 17069.32, "direction": "sell", "amount": 0.3}, {"trade_seq": 2213, "trade_id": "237186830", "timestamp": 1670024815517, "tick_direction": 3, "price": 0.001, "mark_price": 0.00089847, "iv": 68.71, "instrument_name": "BTC-30DEC22-26000-C", "index_price": 17071.09, "direction": "sell", "amount": 6.0}, {"trade_seq": 2212, "trade_id": "237186829", "timestamp": 1670024815515, "tick_direction": 2, "price": 0.001, "mark_price": 0.00089847, "iv": 68.71, "instrument_name": "BTC-30DEC22-26000-C", "index_price": 17071.09, "direction": "buy", "amount": 0.1}, {"trade_seq": 2211, "trade_id": "237037767", "timestamp": 1669852678770, "tick_direction": 3, "price": 0.0015, "mark_price": 0.00141389, "iv": 69.31, "instrument_name": "BTC-30DEC22-26000-C", "index_price": 17163.76, "direction": "buy", "amount": 0.1}, {"trade_seq": 2210, "trade_id": "236952129", "timestamp": 1669771415493, "tick_direction": 3, "price": 0.0015, "mark_price": 0.00138556, "iv": 70.81, "instrument_name": "BTC-30DEC22-26000-C", "index_price": 16858.95, "direction": "buy", "amount": 8.8}, {"trade_seq": 2209, "trade_id": "236936907", "timestamp": 1669753846955, "tick_direction": 3, "price": 0.0015, "mark_price": 0.00123425, "iv": 74.03, "instrument_name": "BTC-30DEC22-26000-C", "index_price": 16442.37, "direction": "buy", "amount": 0.1}, {"trade_seq": 2208, "trade_id": "236903868", "timestamp": 1669710348465, "tick_direction": 3, "price": 0.0015, "mark_price": 0.00122027, "iv": 73.19, "instrument_name": "BTC-30DEC22-26000-C", "index_price": 16458.87, "direction": "sell", "amount": 0.1}, {"trade_seq": 2207, "trade_id": "236903867", "timestamp": 1669710347265, "tick_direction": 3, "price": 0.0015, "mark_price": 0.00121997, "iv": 73.19, "instrument_name": "BTC-30DEC22-26000-C", "index_price": 16458.92, "direction": "buy", "amount": 1.9}, {"trade_seq": 2206, "trade_id": "236898964", "timestamp": 1669705437743, "tick_direction": 3, "price": 0.0015, "mark_price": 0.0012703, "iv": 72.88, "instrument_name": "BTC-30DEC22-26000-C", "index_price": 16479.78, "direction": "buy", "amount": 0.4}, {"trade_seq": 2205, "trade_id": "236818150", "timestamp": 1669600925416, "tick_direction": 3, "price": 0.0015, "mark_price": 0.00179484, "iv": 75.06, "instrument_name": "BTC-30DEC22-26000-C", "index_price": 16096.02, "direction": "buy", "amount": 4.1}, {"trade_seq": 2204, "trade_id": "236818149", "timestamp": 1669600924753, "tick_direction": 3, "price": 0.0015, "mark_price": 0.00179484, "iv": 75.06, "instrument_name": "BTC-30DEC22-26000-C", "index_price": 16096.02, "direction": "sell", "amount": 5.9}, {"trade_seq": 2203, "trade_id": "236757180", "timestamp": 1669434087549, "tick_direction": 3, "price": 0.0015, "mark_price": 0.00196769, "iv": 68.71, "instrument_name": "BTC-30DEC22-26000-C", "index_price": 16628.69, "direction": "sell", "amount": 0.2}, {"trade_seq": 2202, "trade_id": "236750840", "timestamp": 1669421100186, "tick_direction": 3, "price": 0.0015, "mark_price": 0.00182573, "iv": 69.48, "instrument_name": "BTC-30DEC22-26000-C", "index_price": 16504.38, "direction": "sell", "amount": 0.1}, {"trade_seq": 2201, "trade_id": "236750839", "timestamp": 1669421100186, "tick_direction": 2, "price": 0.0015, "mark_price": 0.00182573, "iv": 69.48, "instrument_name": "BTC-30DEC22-26000-C", "index_price": 16504.38, "direction": "sell", "amount": 0.1}, {"trade_seq": 2200, "trade_id": "236750744", "timestamp": 1669420521789, "tick_direction": 3, "price": 0.002, "mark_price": 0.0017227, "iv": 72.44, "instrument_name": "BTC-30DEC22-26000-C", "index_price": 16506.22, "direction": "buy", "amount": 1.5}, {"trade_seq": 2199, "trade_id": "236750743", "timestamp": 1669420521789, "tick_direction": 3, "price": 0.002, "mark_price": 0.0017227, "iv": 72.44, "instrument_name": "BTC-30DEC22-26000-C", "index_price": 16506.22, "direction": "buy", "amount": 8.5}, {"trade_seq": 2198, "trade_id": "236750182", "timestamp": 1669419234436, "tick_direction": 3, "price": 0.002, "mark_price": 0.00226095, "iv": 72.05, "instrument_name": "BTC-30DEC22-26000-C", "index_price": 16545.94, "direction": "sell", "amount": 0.3}, {"trade_seq": 2197, "trade_id": "236750181", "timestamp": 1669419234436, "tick_direction": 3, "price": 0.002, "mark_price": 0.00226095, "iv": 72.05, "instrument_name": "BTC-30DEC22-26000-C", "index_price": 16545.94, "direction": "sell", "amount": 2.8}, {"trade_seq": 2196, "trade_id": "236738836", "timestamp": 1669389607549, "tick_direction": 3, "price": 0.002, "mark_price": 0.00223964, "iv": 71.97, "instrument_name": "BTC-30DEC22-26000-C", "index_price": 16517.18, "direction": "sell", "amount": 2.0}, {"trade_seq": 2195, "trade_id": "236733371", "timestamp": 1669381217556, "tick_direction": 2, "price": 0.002, "mark_price": 0.00222034, "iv": 72.13, "instrument_name": "BTC-30DEC22-26000-C", "index_price": 16494.91, "direction": "sell", "amount": 0.2}, {"trade_seq": 2194, "trade_id": "236727100", "timestamp": 1669370310114, "tick_direction": 3, "price": 0.0025, "mark_price": 0.00272375, "iv": 75.18, "instrument_name": "BTC-30DEC22-26000-C", "index_price": 16427.47, "direction": "sell", "amount": 8.6}, {"trade_seq": 2193, "trade_id": "236727099", "timestamp": 1669370310114, "tick_direction": 3, "price": 0.0025, "mark_price": 0.00272375, "iv": 75.18, "instrument_name": "BTC-30DEC22-26000-C", "index_price": 16427.47, "direction": "sell", "amount": 7.1}, {"trade_seq": 2192, "trade_id": "236726561", "timestamp": 1669369376188, "tick_direction": 3, "price": 0.0025, "mark_price": 0.00273539, "iv": 74.94, "instrument_name": "BTC-30DEC22-26000-C", "index_price": 16451.6, "direction": "sell", "amount": 0.2}, {"trade_seq": 2191, "trade_id": "236724111", "timestamp": 1669365280293, "tick_direction": 3, "price": 0.0025, "mark_price": 0.00273339, "iv": 75.14, "instrument_name": "BTC-30DEC22-26000-C", "index_price": 16424.06, "direction": "sell", "amount": 0.2}, {"trade_seq": 2190, "trade_id": "236723262", "timestamp": 1669364677182, "tick_direction": 3, "price": 0.0025, "mark_price": 0.00271489, "iv": 75.08, "instrument_name": "BTC-30DEC22-26000-C", "index_price": 16424.47, "direction": "sell", "amount": 19.0}, {"trade_seq": 2189, "trade_id": "236712242", "timestamp": 1669357436244, "tick_direction": 3, "price": 0.0025, "mark_price": 0.00276139, "iv": 75.36, "instrument_name": "BTC-30DEC22-26000-C", "index_price": 16398.18, "direction": "sell", "amount": 3.0}, {"trade_seq": 2188, "trade_id": "236710830", "timestamp": 1669353561748, "tick_direction": 2, "price": 0.0025, "mark_price": 0.00276041, "iv": 75.35, "instrument_name": "BTC-30DEC22-26000-C", "index_price": 16392.9, "direction": "sell", "amount": 30.0}, {"trade_seq": 2187, "trade_id": "236694000", "timestamp": 1669310575799, "tick_direction": 1, "price": 0.003, "mark_price": 0.00271062, "iv": 75.46, "instrument_name": "BTC-30DEC22-26000-C", "index_price": 16599.14, "direction": "buy", "amount": 5.0}, {"trade_seq": 2186, "trade_id": "236669026", "timestamp": 1669275577633, "tick_direction": 1, "price": 0.003, "mark_price": 0.00273909, "iv": 74.47, "instrument_name": "BTC-30DEC22-26000-C", "index_price": 16688.4, "direction": "sell", "amount": 24.3}, {"trade_seq": 2185, "trade_id": "236669025", "timestamp": 1669275577630, "tick_direction": 1, "price": 0.003, "mark_price": 0.00273909, "iv": 74.47, "instrument_name": "BTC-30DEC22-26000-C", "index_price": 16688.4, "direction": "buy", "amount": 1.9}, {"trade_seq": 2184, "trade_id": "236669024", "timestamp": 1669275577630, "tick_direction": 0, "price": 0.003, "mark_price": 0.00273909, "iv": 74.47, "instrument_name": "BTC-30DEC22-26000-C", "index_price": 16688.4, "direction": "buy", "amount": 7.8}, {"trade_seq": 2183, "trade_id": "236643701", "timestamp": 1669231068548, "tick_direction": 0, "price": 0.0035, "mark_price": 0.00291813, "iv": 76.94, "instrument_name": "BTC-30DEC22-26000-C", "index_price": 16549.96, "direction": "buy", "amount": 0.2}, {"trade_seq": 2182, "trade_id": "236616420", "timestamp": 1669196806828, "tick_direction": 2, "price": 0.002, "mark_price": 0.0024873, "iv": 70.04, "instrument_name": "BTC-30DEC22-26000-C", "index_price": 16546.64, "direction": "sell", "amount": 0.5}, {"trade_seq": 2181, "trade_id": "236616329", "timestamp": 1669196671923, "tick_direction": 1, "price": 0.003, "mark_price": 0.00249155, "iv": 74.65, "instrument_name": "BTC-30DEC22-26000-C", "index_price": 16546.98, "direction": "buy", "amount": 1.0}, {"trade_seq": 2180, "trade_id": "236575807", "timestamp": 1669145941365, "tick_direction": 0, "price": 0.003, "mark_price": 0.00275328, "iv": 77.07, "instrument_name": "BTC-30DEC22-26000-C", "index_price": 16169.77, "direction": "buy", "amount": 2.0}, {"trade_seq": 2179, "trade_id": "236534954", "timestamp": 1669103701147, "tick_direction": 3, "price": 0.0025, "mark_price": 0.00255043, "iv": 77.85, "instrument_name": "BTC-30DEC22-26000-C", "index_price": 15728.23, "direction": "buy", "amount": 0.7}, {"trade_seq": 2178, "trade_id": "236534953", "timestamp": 1669103701139, "tick_direction": 3, "price": 0.0025, "mark_price": 0.00255043, "iv": 77.85, "instrument_name": "BTC-30DEC22-26000-C", "index_price": 15728.23, "direction": "sell", "amount": 0.3}, {"trade_seq": 2177, "trade_id": "236413902", "timestamp": 1668996614207, "tick_direction": 3, "price": 0.0025, "mark_price": 0.00215186, "iv": 74.69, "instrument_name": "BTC-30DEC22-26000-C", "index_price": 16025.72, "direction": "buy", "amount": 0.1}, {"trade_seq": 2176, "trade_id": "236365035", "timestamp": 1668904296279, "tick_direction": 3, "price": 0.0025, "mark_price": 0.00298815, "iv": 68.51, "instrument_name": "BTC-30DEC22-26000-C", "index_price": 16702.45, "direction": "buy", "amount": 1.1}, {"trade_seq": 2175, "trade_id": "236365032", "timestamp": 1668904295688, "tick_direction": 3, "price": 0.0025, "mark_price": 0.00298815, "iv": 68.51, "instrument_name": "BTC-30DEC22-26000-C", "index_price": 16702.26, "direction": "buy", "amount": 4.0}, {"trade_seq": 2174, "trade_id": "236365031", "timestamp": 1668904295104, "tick_direction": 2, "price": 0.0025, "mark_price": 0.00298945, "iv": 68.51, "instrument_name": "BTC-30DEC22-26000-C", "index_price": 16702.26, "direction": "sell", "amount": 4.9}, {"trade_seq": 2173, "trade_id": "236325719", "timestamp": 1668791094450, "tick_direction": 0, "price": 0.0035, "mark_price": 0.00344845, "iv": 71.78, "instrument_name": "BTC-30DEC22-26000-C", "index_price": 16628.38, "direction": "buy", "amount": 0.1}, {"trade_seq": 2172, "trade_id": "236318308", "timestamp": 1668782675158, "tick_direction": 3, "price": 0.003, "mark_price": 0.00329225, "iv": 69.45, "instrument_name": "BTC-30DEC22-26000-C", "index_price": 16671.15, "direction": "sell", "amount": 0.5}, {"trade_seq": 2171, "trade_id": "236318307", "timestamp": 1668782675158, "tick_direction": 2, "price": 0.003, "mark_price": 0.00329225, "iv": 69.45, "instrument_name": "BTC-30DEC22-26000-C", "index_price": 16671.15, "direction": "sell", "amount": 0.1}, {"trade_seq": 2170, "trade_id": "236307675", "timestamp": 1668767065260, "tick_direction": 1, "price": 0.004, "mark_price": 0.00395075, "iv": 72.18, "instrument_name": "BTC-30DEC22-26000-C", "index_price": 16764.43, "direction": "sell", "amount": 3.2}, {"trade_seq": 2169, "trade_id": "236307674", "timestamp": 1668767065205, "tick_direction": 0, "price": 0.004, "mark_price": 0.00395075, "iv": 72.18, "instrument_name": "BTC-30DEC22-26000-C", "index_price": 16764.43, "direction": "buy", "amount": 0.2}, {"trade_seq": 2168, "trade_id": "236303946", "timestamp": 1668762447422, "tick_direction": 2, "price": 0.0035, "mark_price": 0.00387165, "iv": 70.69, "instrument_name": "BTC-30DEC22-26000-C", "index_price": 16726.91, "direction": "sell", "amount": 0.6}, {"trade_seq": 2167, "trade_id": "236299979", "timestamp": 1668759219382, "tick_direction": 3, "price": 0.004, "mark_price": 0.00411144, "iv": 72.53, "instrument_name": "BTC-30DEC22-26000-C", "index_price": 16704.32, "direction": "sell", "amount": 0.1}, {"trade_seq": 2166, "trade_id": "236299978", "timestamp": 1668759219382, "tick_direction": 3, "price": 0.004, "mark_price": 0.00411144, "iv": 72.53, "instrument_name": "BTC-30DEC22-26000-C", "index_price": 16704.32, "direction": "sell", "amount": 0.1}, {"trade_seq": 2165, "trade_id": "236299977", "timestamp": 1668759219382, "tick_direction": 3, "price": 0.004, "mark_price": 0.00411144, "iv": 72.53, "instrument_name": "BTC-30DEC22-26000-C", "index_price": 16704.32, "direction": "sell", "amount": 0.1}, {"trade_seq": 2164, "trade_id": "236299976", "timestamp": 1668759219382, "tick_direction": 3, "price": 0.004, "mark_price": 0.00411144, "iv": 72.53, "instrument_name": "BTC-30DEC22-26000-C", "index_price": 16704.32, "direction": "sell", "amount": 0.2}, {"trade_seq": 2163, "trade_id": "236299975", "timestamp": 1668759219382, "tick_direction": 3, "price": 0.004, "mark_price": 0.00411144, "iv": 72.53, "instrument_name": "BTC-30DEC22-26000-C", "index_price": 16704.32, "direction": "sell", "amount": 0.2}, {"trade_seq": 2162, "trade_id": "236299974", "timestamp": 1668759219382, "tick_direction": 3, "price": 0.004, "mark_price": 0.00411144, "iv": 72.53, "instrument_name": "BTC-30DEC22-26000-C", "index_price": 16704.32, "direction": "sell", "amount": 0.1}, {"trade_seq": 2161, "trade_id": "236235347", "timestamp": 1668696227371, "tick_direction": 3, "price": 0.005, "mark_price": 0.00478319, "iv": 76.55, "instrument_name": "BTC-30DEC22-26000-C", "index_price": 16510.25, "direction": "buy", "amount": 6.9}, {"trade_seq": 2160, "trade_id": "236235346", "timestamp": 1668696227371, "tick_direction": 2, "price": 0.005, "mark_price": 0.00478319, "iv": 76.55, "instrument_name": "BTC-30DEC22-26000-C", "index_price": 16510.25, "direction": "buy", "amount": 7.5}, {"trade_seq": 2159, "trade_id": "236204572", "timestamp": 1668654614268, "tick_direction": 0, "price": 0.0055, "mark_price": 0.0059342, "iv": 76.98, "instrument_name": "BTC-30DEC22-26000-C", "index_price": 16583.48, "direction": "sell", "amount": 1.0}, {"trade_seq": 2158, "trade_id": "236132498", "timestamp": 1668602428623, "tick_direction": 2, "price": 0.005, "mark_price": 0.00470486, "iv": 74.69, "instrument_name": "BTC-30DEC22-26000-C", "index_price": 16614.39, "direction": "buy", "amount": 0.2}, {"trade_seq": 2157, "trade_id": "236049136", "timestamp": 1668526920293, "tick_direction": 0, "price": 0.006, "mark_price": 0.00613204, "iv": 73.64, "instrument_name": "BTC-30DEC22-26000-C", "index_price": 17020.29, "direction": "buy", "amount": 0.1}, {"trade_seq": 2156, "trade_id": "235953482", "timestamp": 1668461605850, "tick_direction": 0, "price": 0.006, "mark_price": 0.00554686, "iv": 78.19, "instrument_name": "BTC-30DEC22-26000-C", "index_price": 16349.05, "direction": "buy", "amount": 0.2}, {"trade_seq": 2155, "trade_id": "235953047", "timestamp": 1668461344190, "tick_direction": 2, "price": 0.005, "mark_price": 0.00553082, "iv": 75.68, "instrument_name": "BTC-30DEC22-26000-C", "index_price": 16329.76, "direction": "sell", "amount": 0.1}, {"trade_seq": 2154, "trade_id": "235913076", "timestamp": 1668444722695, "tick_direction": 3, "price": 0.006, "mark_price": 0.00653199, "iv": 77.14, "instrument_name": "BTC-30DEC22-26000-C", "index_price": 16466.07, "direction": "sell", "amount": 5.0}, {"trade_seq": 2153, "trade_id": "235844000", "timestamp": 1668426912738, "tick_direction": 3, "price": 0.006, "mark_price": 0.00648589, "iv": 74.86, "instrument_name": "BTC-30DEC22-26000-C", "index_price": 16738.53, "direction": "sell", "amount": 2.8}, {"trade_seq": 2152, "trade_id": "235843999", "timestamp": 1668426912738, "tick_direction": 3, "price": 0.006, "mark_price": 0.00648589, "iv": 74.86, "instrument_name": "BTC-30DEC22-26000-C", "index_price": 16738.53, "direction": "sell", "amount": 2.2}, {"trade_seq": 2151, "trade_id": "235843941", "timestamp": 1668426826225, "tick_direction": 3, "price": 0.006, "mark_price": 0.00649272, "iv": 74.85, "instrument_name": "BTC-30DEC22-26000-C", "index_price": 16738.9, "direction": "sell", "amount": 6.0}, {"trade_seq": 2150, "trade_id": "235842449", "timestamp": 1668425583347, "tick_direction": 3, "price": 0.006, "mark_price": 0.00645734, "iv": 74.72, "instrument_name": "BTC-30DEC22-26000-C", "index_price": 16743.38, "direction": "sell", "amount": 1.5}, {"trade_seq": 2149, "trade_id": "235842448", "timestamp": 1668425583347, "tick_direction": 3, "price": 0.006, "mark_price": 0.00645734, "iv": 74.72, "instrument_name": "BTC-30DEC22-26000-C", "index_price": 16743.38, "direction": "sell", "amount": 5.5}, {"trade_seq": 2148, "trade_id": "235841543", "timestamp": 1668425096848, "tick_direction": 3, "price": 0.006, "mark_price": 0.00642829, "iv": 74.68, "instrument_name": "BTC-30DEC22-26000-C", "index_price": 16760.24, "direction": "sell", "amount": 2.1}, {"trade_seq": 2147, "trade_id": "235841542", "timestamp": 1668425096848, "tick_direction": 2, "price": 0.006, "mark_price": 0.00642829, "iv": 74.68, "instrument_name": "BTC-30DEC22-26000-C", "index_price": 16760.24, "direction": "sell", "amount": 2.9}, {"trade_seq": 2146, "trade_id": "235836600", "timestamp": 1668422640150, "tick_direction": 1, "price": 0.0065, "mark_price": 0.00613562, "iv": 75.58, "instrument_name": "BTC-30DEC22-26000-C", "index_price": 16769.41, "direction": "buy", "amount": 0.1}, {"trade_seq": 2145, "trade_id": "235836596", "timestamp": 1668422640136, "tick_direction": 1, "price": 0.0065, "mark_price": 0.00613562, "iv": 75.58, "instrument_name": "BTC-30DEC22-26000-C", "index_price": 16769.41, "direction": "buy", "amount": 0.4}, {"trade_seq": 2144, "trade_id": "235836595", "timestamp": 1668422640118, "tick_direction": 1, "price": 0.0065, "mark_price": 0.00613562, "iv": 75.58, "instrument_name": "BTC-30DEC22-26000-C", "index_price": 16769.41, "direction": "buy", "amount": 0.5}, {"trade_seq": 2143, "trade_id": "235836590", "timestamp": 1668422638822, "tick_direction": 1, "price": 0.0065, "mark_price": 0.00613086, "iv": 75.58, "instrument_name": "BTC-30DEC22-26000-C", "index_price": 16769.51, "direction": "buy", "amount": 0.8}, {"trade_seq": 2142, "trade_id": "235836584", "timestamp": 1668422638150, "tick_direction": 1, "price": 0.0065, "mark_price": 0.00612614, "iv": 75.58, "instrument_name": "BTC-30DEC22-26000-C", "index_price": 16769.32, "direction": "buy", "amount": 0.2}, {"trade_seq": 2141, "trade_id": "235836582", "timestamp": 1668422638134, "tick_direction": 0, "price": 0.0065, "mark_price": 0.00612614, "iv": 75.58, "instrument_name": "BTC-30DEC22-26000-C", "index_price": 16769.32, "direction": "buy", "amount": 0.4}, {"trade_seq": 2140, "trade_id": "235684594", "timestamp": 1668327592628, "tick_direction": 2, "price": 0.006, "mark_price": 0.00637843, "iv": 74.18, "instrument_name": "BTC-30DEC22-26000-C", "index_price": 16699.01, "direction": "sell", "amount": 0.6}, {"trade_seq": 2139, "trade_id": "235636981", "timestamp": 1668258522663, "tick_direction": 3, "price": 0.0085, "mark_price": 0.00838281, "iv": 78.55, "instrument_name": "BTC-30DEC22-26000-C", "index_price": 16771.74, "direction": "sell", "amount": 1.3}, {"trade_seq": 2138, "trade_id": "235625132", "timestamp": 1668244610883, "tick_direction": 2, "price": 0.0085, "mark_price": 0.00856802, "iv": 78.88, "instrument_name": "BTC-30DEC22-26000-C", "index_price": 16801.18, "direction": "buy", "amount": 6.9}, {"trade_seq": 2137, "trade_id": "235557657", "timestamp": 1668199749562, "tick_direction": 1, "price": 0.0095, "mark_price": 0.00939462, "iv": 81.25, "instrument_name": "BTC-30DEC22-26000-C", "index_price": 16618.06, "direction": "buy", "amount": 1.0}, {"trade_seq": 2136, "trade_id": "235554713", "timestamp": 1668198816146, "tick_direction": 1, "price": 0.0095, "mark_price": 0.00920269, "iv": 81.39, "instrument_name": "BTC-30DEC22-26000-C", "index_price": 16591.29, "direction": "sell", "amount": 2.2}, {"trade_seq": 2135, "trade_id": "235554126", "timestamp": 1668198541348, "tick_direction": 1, "price": 0.0095, "mark_price": 0.00938421, "iv": 80.95, "instrument_name": "BTC-30DEC22-26000-C", "index_price": 16653.37, "direction": "sell", "amount": 2.7}, {"trade_seq": 2134, "trade_id": "235546683", "timestamp": 1668194796812, "tick_direction": 1, "price": 0.0095, "mark_price": 0.00968279, "iv": 80.02, "instrument_name": "BTC-30DEC22-26000-C", "index_price": 16748.63, "direction": "sell", "amount": 0.5}, {"trade_seq": 2133, "trade_id": "235544164", "timestamp": 1668193670074, "tick_direction": 1, "price": 0.0095, "mark_price": 0.009694, "iv": 80.16, "instrument_name": "BTC-30DEC22-26000-C", "index_price": 16745.03, "direction": "sell", "amount": 5.0}, {"trade_seq": 2132, "trade_id": "235543505", "timestamp": 1668193400275, "tick_direction": 1, "price": 0.0095, "mark_price": 0.00918805, "iv": 80.79, "instrument_name": "BTC-30DEC22-26000-C", "index_price": 16670.2, "direction": "buy", "amount": 25.0}, {"trade_seq": 2131, "trade_id": "235543476", "timestamp": 1668193390297, "tick_direction": 0, "price": 0.0095, "mark_price": 0.00917958, "iv": 80.83, "instrument_name": "BTC-30DEC22-26000-C", "index_price": 16669.24, "direction": "buy", "amount": 25.0}, {"trade_seq": 2130, "trade_id": "235416675", "timestamp": 1668162697387, "tick_direction": 1, "price": 0.0065, "mark_price": 0.00649619, "iv": 69.49, "instrument_name": "BTC-30DEC22-26000-C", "index_price": 17300.55, "direction": "buy", "amount": 8.0}, {"trade_seq": 2129, "trade_id": "235416650", "timestamp": 1668162692150, "tick_direction": 1, "price": 0.0065, "mark_price": 0.00647825, "iv": 69.53, "instrument_name": "BTC-30DEC22-26000-C", "index_price": 17296.71, "direction": "buy", "amount": 8.0}, {"trade_seq": 2128, "trade_id": "235411616", "timestamp": 1668161280402, "tick_direction": 0, "price": 0.0065, "mark_price": 0.00687879, "iv": 69.55, "instrument_name": "BTC-30DEC22-26000-C", "index_price": 17305.87, "direction": "sell", "amount": 0.3}, {"trade_seq": 2127, "trade_id": "235315242", "timestamp": 1668136894825, "tick_direction": 2, "price": 0.006, "mark_price": 0.00619624, "iv": 70.72, "instrument_name": "BTC-30DEC22-26000-C", "index_price": 16923.49, "direction": "sell", "amount": 5.0}, {"trade_seq": 2126, "trade_id": "235309768", "timestamp": 1668134257506, "tick_direction": 3, "price": 0.0075, "mark_price": 0.00719405, "iv": 72.26, "instrument_name": "BTC-30DEC22-26000-C", "index_price": 17147.02, "direction": "sell", "amount": 6.6}, {"trade_seq": 2125, "trade_id": "235309767", "timestamp": 1668134257504, "tick_direction": 3, "price": 0.0075, "mark_price": 0.00719405, "iv": 72.26, "instrument_name": "BTC-30DEC22-26000-C", "index_price": 17147.02, "direction": "buy", "amount": 4.0}, {"trade_seq": 2124, "trade_id": "235309766", "timestamp": 1668134257504, "tick_direction": 3, "price": 0.0075, "mark_price": 0.00719405, "iv": 72.26, "instrument_name": "BTC-30DEC22-26000-C", "index_price": 17147.02, "direction": "buy", "amount": 4.4}, {"trade_seq": 2123, "trade_id": "235298922", "timestamp": 1668132479040, "tick_direction": 2, "price": 0.0075, "mark_price": 0.00725413, "iv": 71.86, "instrument_name": "BTC-30DEC22-26000-C", "index_price": 17201.79, "direction": "sell", "amount": 30.0}, {"trade_seq": 2122, "trade_id": "235240139", "timestamp": 1668113629103, "tick_direction": 0, "price": 0.0085, "mark_price": 0.00877336, "iv": 70.92, "instrument_name": "BTC-30DEC22-26000-C", "index_price": 17541.42, "direction": "buy", "amount": 0.1}, {"trade_seq": 2121, "trade_id": "235163891", "timestamp": 1668094148261, "tick_direction": 3, "price": 0.009, "mark_price": 0.00911625, "iv": 70.98, "instrument_name": "BTC-30DEC22-26000-C", "index_price": 17639.44, "direction": "sell", "amount": 2.0}, {"trade_seq": 2120, "trade_id": "235163862", "timestamp": 1668094142196, "tick_direction": 2, "price": 0.009, "mark_price": 0.00901443, "iv": 71.16, "instrument_name": "BTC-30DEC22-26000-C", "index_price": 17619.96, "direction": "sell", "amount": 2.0}, {"trade_seq": 2119, "trade_id": "235155093", "timestamp": 1668093068021, "tick_direction": 1, "price": 0.01, "mark_price": 0.00968306, "iv": 71.06, "instrument_name": "BTC-30DEC22-26000-C", "index_price": 17822.77, "direction": "sell", "amount": 2.0}, {"trade_seq": 2118, "trade_id": "235155092", "timestamp": 1668093068002, "tick_direction": 1, "price": 0.01, "mark_price": 0.00968306, "iv": 71.06, "instrument_name": "BTC-30DEC22-26000-C", "index_price": 17822.77, "direction": "buy", "amount": 2.5}, {"trade_seq": 2117, "trade_id": "235155091", "timestamp": 1668093068002, "tick_direction": 0, "price": 0.01, "mark_price": 0.00968306, "iv": 71.06, "instrument_name": "BTC-30DEC22-26000-C", "index_price": 17822.77, "direction": "buy", "amount": 8.0}, {"trade_seq": 2116, "trade_id": "235117092", "timestamp": 1668089427285, "tick_direction": 0, "price": 0.0085, "mark_price": 0.00778873, "iv": 71.2, "instrument_name": "BTC-30DEC22-26000-C", "index_price": 17456.76, "direction": "sell", "amount": 1.0}, {"trade_seq": 2115, "trade_id": "235116179", "timestamp": 1668089257311, "tick_direction": 0, "price": 0.008, "mark_price": 0.00729552, "iv": 70.82, "instrument_name": "BTC-30DEC22-26000-C", "index_price": 17384.56, "direction": "buy", "amount": 6.0}, {"trade_seq": 2114, "trade_id": "235036143", "timestamp": 1668081738691, "tick_direction": 1, "price": 0.0065, "mark_price": 0.00591217, "iv": 77.0, "instrument_name": "BTC-30DEC22-26000-C", "index_price": 16250.64, "direction": "buy", "amount": 0.1}, {"trade_seq": 2113, "trade_id": "234984394", "timestamp": 1668073346156, "tick_direction": 0, "price": 0.0065, "mark_price": 0.00664794, "iv": 73.17, "instrument_name": "BTC-30DEC22-26000-C", "index_price": 16657.47, "direction": "buy", "amount": 7.4}, {"trade_seq": 2112, "trade_id": "234963935", "timestamp": 1668068934498, "tick_direction": 3, "price": 0.006, "mark_price": 0.00629161, "iv": 73.12, "instrument_name": "BTC-30DEC22-26000-C", "index_price": 16499.96, "direction": "sell", "amount": 2.4}, {"trade_seq": 2111, "trade_id": "234924325", "timestamp": 1668059531910, "tick_direction": 2, "price": 0.006, "mark_price": 0.00664713, "iv": 71.86, "instrument_name": "BTC-30DEC22-26000-C", "index_price": 16661.35, "direction": "sell", "amount": 0.3}, {"trade_seq": 2110, "trade_id": "234775778", "timestamp": 1668034545738, "tick_direction": 2, "price": 0.0085, "mark_price": 0.00836523, "iv": 82.52, "instrument_name": "BTC-30DEC22-26000-C", "index_price": 15964.47, "direction": "sell", "amount": 0.1}, {"trade_seq": 2109, "trade_id": "234740343", "timestamp": 1668030567841, "tick_direction": 0, "price": 0.0095, "mark_price": 0.00883679, "iv": 83.72, "instrument_name": "BTC-30DEC22-26000-C", "index_price": 15974.39, "direction": "buy", "amount": 0.4}, {"trade_seq": 2108, "trade_id": "234738913", "timestamp": 1668030451251, "tick_direction": 3, "price": 0.009, "mark_price": 0.00819074, "iv": 83.99, "instrument_name": "BTC-30DEC22-26000-C", "index_price": 15823.9, "direction": "buy", "amount": 1.6}, {"trade_seq": 2107, "trade_id": "234738912", "timestamp": 1668030451251, "tick_direction": 2, "price": 0.009, "mark_price": 0.00819074, "iv": 83.99, "instrument_name": "BTC-30DEC22-26000-C", "index_price": 15823.9, "direction": "buy", "amount": 4.9}, {"trade_seq": 2106, "trade_id": "234660355", "timestamp": 1668024327041, "tick_direction": 1, "price": 0.01, "mark_price": 0.00953294, "iv": 78.03, "instrument_name": "BTC-30DEC22-26000-C", "index_price": 16775.83, "direction": "buy", "amount": 0.2}, {"trade_seq": 2105, "trade_id": "234646948", "timestamp": 1668022890119, "tick_direction": 1, "price": 0.01, "mark_price": 0.01052254, "iv": 76.43, "instrument_name": "BTC-30DEC22-26000-C", "index_price": 16953.05, "direction": "sell", "amount": 2.2}, {"trade_seq": 2104, "trade_id": "234646933", "timestamp": 1668022888219, "tick_direction": 1, "price": 0.01, "mark_price": 0.01051256, "iv": 76.44, "instrument_name": "BTC-30DEC22-26000-C", "index_price": 16954.55, "direction": "sell", "amount": 7.3}, {"trade_seq": 2103, "trade_id": "234646932", "timestamp": 1668022888219, "tick_direction": 0, "price": 0.01, "mark_price": 0.01051256, "iv": 76.44, "instrument_name": "BTC-30DEC22-26000-C", "index_price": 16954.55, "direction": "sell", "amount": 4.0}, {"trade_seq": 2102, "trade_id": "234586630", "timestamp": 1668015343818, "tick_direction": 1, "price": 0.009, "mark_price": 0.00857711, "iv": 74.34, "instrument_name": "BTC-30DEC22-26000-C", "index_price": 16988.39, "direction": "sell", "amount": 1.0}, {"trade_seq": 2101, "trade_id": "234586623", "timestamp": 1668015342739, "tick_direction": 1, "price": 0.009, "mark_price": 0.00857878, "iv": 74.35, "instrument_name": "BTC-30DEC22-26000-C", "index_price": 16985.6, "direction": "buy", "amount": 1.0}, {"trade_seq": 2100, "trade_id": "234586598", "timestamp": 1668015340500, "tick_direction": 1, "price": 0.009, "mark_price": 0.00859783, "iv": 74.31, "instrument_name": "BTC-30DEC22-26000-C", "index_price": 16989.96, "direction": "buy", "amount": 1.0}, {"trade_seq": 2099, "trade_id": "234586592", "timestamp": 1668015338875, "tick_direction": 1, "price": 0.009, "mark_price": 0.00859886, "iv": 74.31, "instrument_name": "BTC-30DEC22-26000-C", "index_price": 16992.59, "direction": "buy", "amount": 1.0}, {"trade_seq": 2098, "trade_id": "234586587", "timestamp": 1668015337142, "tick_direction": 1, "price": 0.009, "mark_price": 0.0086017, "iv": 74.31, "instrument_name": "BTC-30DEC22-26000-C", "index_price": 16992.9, "direction": "buy", "amount": 1.0}, {"trade_seq": 2097, "trade_id": "234586090", "timestamp": 1668015254245, "tick_direction": 1, "price": 0.009, "mark_price": 0.00854203, "iv": 74.35, "instrument_name": "BTC-30DEC22-26000-C", "index_price": 16986.83, "direction": "sell", "amount": 1.0}, {"trade_seq": 2096, "trade_id": "234586083", "timestamp": 1668015252244, "tick_direction": 1, "price": 0.009, "mark_price": 0.00855204, "iv": 74.34, "instrument_name": "BTC-30DEC22-26000-C", "index_price": 16990.55, "direction": "sell", "amount": 0.7}, {"trade_seq": 2095, "trade_id": "234586082", "timestamp": 1668015252242, "tick_direction": 1, "price": 0.009, "mark_price": 0.00855204, "iv": 74.34, "instrument_name": "BTC-30DEC22-26000-C", "index_price": 16990.55, "direction": "buy", "amount": 0.3}, {"trade_seq": 2094, "trade_id": "234586073", "timestamp": 1668015251191, "tick_direction": 1, "price": 0.009, "mark_price": 0.00856304, "iv": 74.32, "instrument_name": "BTC-30DEC22-26000-C", "index_price": 16993.06, "direction": "buy", "amount": 1.0}, {"trade_seq": 2093, "trade_id": "234586069", "timestamp": 1668015250146, "tick_direction": 1, "price": 0.009, "mark_price": 0.00854699, "iv": 74.35, "instrument_name": "BTC-30DEC22-26000-C", "index_price": 16988.73, "direction": "buy", "amount": 0.9}, {"trade_seq": 2092, "trade_id": "234586068", "timestamp": 1668015250146, "tick_direction": 1, "price": 0.009, "mark_price": 0.00854699, "iv": 74.35, "instrument_name": "BTC-30DEC22-26000-C", "index_price": 16988.73, "direction": "buy", "amount": 0.1}, {"trade_seq": 2091, "trade_id": "234585126", "timestamp": 1668015061046, "tick_direction": 1, "price": 0.009, "mark_price": 0.00822887, "iv": 74.79, "instrument_name": "BTC-30DEC22-26000-C", "index_price": 16926.22, "direction": "buy", "amount": 0.3}, {"trade_seq": 2090, "trade_id": "234585125", "timestamp": 1668015061046, "tick_direction": 0, "price": 0.009, "mark_price": 0.00822887, "iv": 74.79, "instrument_name": "BTC-30DEC22-26000-C", "index_price": 16926.22, "direction": "buy", "amount": 4.7}, {"trade_seq": 2089, "trade_id": "234584705", "timestamp": 1668014981933, "tick_direction": 3, "price": 0.0085, "mark_price": 0.00803648, "iv": 74.13, "instrument_name": "BTC-30DEC22-26000-C", "index_price": 16888.11, "direction": "sell", "amount": 1.0}, {"trade_seq": 2088, "trade_id": "234584704", "timestamp": 1668014981933, "tick_direction": 3, "price": 0.0085, "mark_price": 0.00803648, "iv": 74.13, "instrument_name": "BTC-30DEC22-26000-C", "index_price": 16888.11, "direction": "sell", "amount": 0.5}, {"trade_seq": 2087, "trade_id": "234584702", "timestamp": 1668014981648, "tick_direction": 3, "price": 0.0085, "mark_price": 0.00803648, "iv": 74.13, "instrument_name": "BTC-30DEC22-26000-C", "index_price": 16891.22, "direction": "sell", "amount": 0.1}, {"trade_seq": 2086, "trade_id": "234584700", "timestamp": 1668014981565, "tick_direction": 3, "price": 0.0085, "mark_price": 0.00803648, "iv": 74.13, "instrument_name": "BTC-30DEC22-26000-C", "index_price": 16891.22, "direction": "sell", "amount": 0.1}, {"trade_seq": 2085, "trade_id": "234584699", "timestamp": 1668014981487, "tick_direction": 3, "price": 0.0085, "mark_price": 0.00803648, "iv": 74.13, "instrument_name": "BTC-30DEC22-26000-C", "index_price": 16891.22, "direction": "sell", "amount": 0.1}, {"trade_seq": 2084, "trade_id": "234584697", "timestamp": 1668014981271, "tick_direction": 3, "price": 0.0085, "mark_price": 0.00803648, "iv": 74.13, "instrument_name": "BTC-30DEC22-26000-C", "index_price": 16891.22, "direction": "sell", "amount": 0.1}, {"trade_seq": 2083, "trade_id": "234584696", "timestamp": 1668014981258, "tick_direction": 3, "price": 0.0085, "mark_price": 0.00803648, "iv": 74.13, "instrument_name": "BTC-30DEC22-26000-C", "index_price": 16891.22, "direction": "sell", "amount": 0.1}, {"trade_seq": 2082, "trade_id": "234584675", "timestamp": 1668014977615, "tick_direction": 3, "price": 0.0085, "mark_price": 0.00796676, "iv": 74.27, "instrument_name": "BTC-30DEC22-26000-C", "index_price": 16872.56, "direction": "sell", "amount": 1.0}, {"trade_seq": 2081, "trade_id": "234584656", "timestamp": 1668014976562, "tick_direction": 3, "price": 0.0085, "mark_price": 0.00796722, "iv": 74.26, "instrument_name": "BTC-30DEC22-26000-C", "index_price": 16875.03, "direction": "sell", "amount": 1.0}, {"trade_seq": 2080, "trade_id": "234584645", "timestamp": 1668014974512, "tick_direction": 3, "price": 0.0085, "mark_price": 0.00797441, "iv": 74.22, "instrument_name": "BTC-30DEC22-26000-C", "index_price": 16875.98, "direction": "sell", "amount": 1.0}, {"trade_seq": 2079, "trade_id": "234584013", "timestamp": 1668014903244, "tick_direction": 3, "price": 0.0085, "mark_price": 0.00802128, "iv": 73.96, "instrument_name": "BTC-30DEC22-26000-C", "index_price": 16902.48, "direction": "sell", "amount": 5.0}, {"trade_seq": 2078, "trade_id": "234583524", "timestamp": 1668014859845, "tick_direction": 3, "price": 0.0085, "mark_price": 0.00812706, "iv": 73.71, "instrument_name": "BTC-30DEC22-26000-C", "index_price": 16943.66, "direction": "sell", "amount": 1.0}, {"trade_seq": 2077, "trade_id": "234583521", "timestamp": 1668014858804, "tick_direction": 3, "price": 0.0085, "mark_price": 0.00813135, "iv": 73.7, "instrument_name": "BTC-30DEC22-26000-C", "index_price": 16944.89, "direction": "sell", "amount": 1.0}, {"trade_seq": 2076, "trade_id": "234583510", "timestamp": 1668014856924, "tick_direction": 3, "price": 0.0085, "mark_price": 0.00811311, "iv": 73.74, "instrument_name": "BTC-30DEC22-26000-C", "index_price": 16938.42, "direction": "sell", "amount": 1.0}, {"trade_seq": 2075, "trade_id": "234583479", "timestamp": 1668014855044, "tick_direction": 3, "price": 0.0085, "mark_price": 0.00809213, "iv": 73.78, "instrument_name": "BTC-30DEC22-26000-C", "index_price": 16935.28, "direction": "sell", "amount": 1.0}, {"trade_seq": 2074, "trade_id": "234583476", "timestamp": 1668014853878, "tick_direction": 3, "price": 0.0085, "mark_price": 0.00806541, "iv": 73.8, "instrument_name": "BTC-30DEC22-26000-C", "index_price": 16931.94, "direction": "sell", "amount": 1.0}, {"trade_seq": 2073, "trade_id": "234583459", "timestamp": 1668014852477, "tick_direction": 2, "price": 0.0085, "mark_price": 0.00806028, "iv": 73.84, "instrument_name": "BTC-30DEC22-26000-C", "index_price": 16927.46, "direction": "sell", "amount": 1.0}, {"trade_seq": 2072, "trade_id": "234577772", "timestamp": 1668013758260, "tick_direction": 1, "price": 0.009, "mark_price": 0.00882418, "iv": 73.56, "instrument_name": "BTC-30DEC22-26000-C", "index_price": 17077.6, "direction": "buy", "amount": 2.7}, {"trade_seq": 2071, "trade_id": "234577771", "timestamp": 1668013758260, "tick_direction": 0, "price": 0.009, "mark_price": 0.00882418, "iv": 73.56, "instrument_name": "BTC-30DEC22-26000-C", "index_price": 17077.6, "direction": "buy", "amount": 0.3}, {"trade_seq": 2070, "trade_id": "234555662", "timestamp": 1668011073644, "tick_direction": 2, "price": 0.008, "mark_price": 0.0083862, "iv": 72.23, "instrument_name": "BTC-30DEC22-26000-C", "index_price": 17006.01, "direction": "buy", "amount": 0.8}, {"trade_seq": 2069, "trade_id": "234549825", "timestamp": 1668010258061, "tick_direction": 2, "price": 0.01, "mark_price": 0.01100932, "iv": 74.09, "instrument_name": "BTC-30DEC22-26000-C", "index_price": 17223.87, "direction": "sell", "amount": 7.7}, {"trade_seq": 2068, "trade_id": "234546036", "timestamp": 1668009727643, "tick_direction": 1, "price": 0.011, "mark_price": 0.01089062, "iv": 76.15, "instrument_name": "BTC-30DEC22-26000-C", "index_price": 17182.93, "direction": "buy", "amount": 0.1}, {"trade_seq": 2067, "trade_id": "234546034", "timestamp": 1668009727627, "tick_direction": 1, "price": 0.011, "mark_price": 0.01089062, "iv": 76.15, "instrument_name": "BTC-30DEC22-26000-C", "index_price": 17182.93, "direction": "buy", "amount": 0.1}, {"trade_seq": 2066, "trade_id": "234546032", "timestamp": 1668009727612, "tick_direction": 0, "price": 0.011, "mark_price": 0.01089062, "iv": 76.15, "instrument_name": "BTC-30DEC22-26000-C", "index_price": 17182.93, "direction": "buy", "amount": 0.1}, {"trade_seq": 2065, "trade_id": "234543416", "timestamp": 1668009543690, "tick_direction": 1, "price": 0.0105, "mark_price": 0.01014457, "iv": 76.12, "instrument_name": "BTC-30DEC22-26000-C", "index_price": 17089.32, "direction": "buy", "amount": 0.1}, {"trade_seq": 2064, "trade_id": "234542769", "timestamp": 1668009514543, "tick_direction": 1, "price": 0.0105, "mark_price": 0.01011014, "iv": 76.03, "instrument_name": "BTC-30DEC22-26000-C", "index_price": 17092.82, "direction": "buy", "amount": 0.1}, {"trade_seq": 2063, "trade_id": "234542763", "timestamp": 1668009514432, "tick_direction": 0, "price": 0.0105, "mark_price": 0.01011014, "iv": 76.03, "instrument_name": "BTC-30DEC22-26000-C", "index_price": 17092.82, "direction": "buy", "amount": 0.1}, {"trade_seq": 2062, "trade_id": "234541278", "timestamp": 1668009383742, "tick_direction": 3, "price": 0.01, "mark_price": 0.01002588, "iv": 74.93, "instrument_name": "BTC-30DEC22-26000-C", "index_price": 17111.77, "direction": "sell", "amount": 2.0}, {"trade_seq": 2061, "trade_id": "234540893", "timestamp": 1668009352871, "tick_direction": 3, "price": 0.01, "mark_price": 0.00973914, "iv": 74.98, "instrument_name": "BTC-30DEC22-26000-C", "index_price": 17115.57, "direction": "buy", "amount": 0.2}, {"trade_seq": 2060, "trade_id": "234540889", "timestamp": 1668009352845, "tick_direction": 3, "price": 0.01, "mark_price": 0.00973914, "iv": 74.98, "instrument_name": "BTC-30DEC22-26000-C", "index_price": 17115.57, "direction": "buy", "amount": 0.1}, {"trade_seq": 2059, "trade_id": "234540888", "timestamp": 1668009352824, "tick_direction": 3, "price": 0.01, "mark_price": 0.00973914, "iv": 74.98, "instrument_name": "BTC-30DEC22-26000-C", "index_price": 17115.57, "direction": "buy", "amount": 0.1}, {"trade_seq": 2058, "trade_id": "234540887", "timestamp": 1668009352805, "tick_direction": 3, "price": 0.01, "mark_price": 0.00973914, "iv": 74.98, "instrument_name": "BTC-30DEC22-26000-C", "index_price": 17115.57, "direction": "buy", "amount": 0.1}, {"trade_seq": 2057, "trade_id": "234540882", "timestamp": 1668009352667, "tick_direction": 2, "price": 0.01, "mark_price": 0.00973914, "iv": 74.98, "instrument_name": "BTC-30DEC22-26000-C", "index_price": 17115.57, "direction": "buy", "amount": 0.1}, {"trade_seq": 2056, "trade_id": "234494970", "timestamp": 1668005147670, "tick_direction": 0, "price": 0.0105, "mark_price": 0.01099376, "iv": 71.11, "instrument_name": "BTC-30DEC22-26000-C", "index_price": 17724.36, "direction": "buy", "amount": 0.1}, {"trade_seq": 2055, "trade_id": "234465911", "timestamp": 1667998513371, "tick_direction": 3, "price": 0.009, "mark_price": 0.0087264, "iv": 69.33, "instrument_name": "BTC-30DEC22-26000-C", "index_price": 17602.76, "direction": "sell", "amount": 0.1}, {"trade_seq": 2054, "trade_id": "234465910", "timestamp": 1667998513345, "tick_direction": 3, "price": 0.009, "mark_price": 0.0087264, "iv": 69.33, "instrument_name": "BTC-30DEC22-26000-C", "index_price": 17602.76, "direction": "sell", "amount": 0.1}, {"trade_seq": 2053, "trade_id": "234465889", "timestamp": 1667998512370, "tick_direction": 3, "price": 0.009, "mark_price": 0.00874661, "iv": 69.3, "instrument_name": "BTC-30DEC22-26000-C", "index_price": 17607.92, "direction": "sell", "amount": 0.1}, {"trade_seq": 2052, "trade_id": "234465886", "timestamp": 1667998512210, "tick_direction": 3, "price": 0.009, "mark_price": 0.00874661, "iv": 69.3, "instrument_name": "BTC-30DEC22-26000-C", "index_price": 17607.92, "direction": "sell", "amount": 0.1}, {"trade_seq": 2051, "trade_id": "234465426", "timestamp": 1667998428979, "tick_direction": 3, "price": 0.009, "mark_price": 0.00889302, "iv": 68.99, "instrument_name": "BTC-30DEC22-26000-C", "index_price": 17642.5, "direction": "sell", "amount": 0.1}, {"trade_seq": 2050, "trade_id": "234465425", "timestamp": 1667998428929, "tick_direction": 3, "price": 0.009, "mark_price": 0.00889302, "iv": 68.99, "instrument_name": "BTC-30DEC22-26000-C", "index_price": 17642.5, "direction": "sell", "amount": 0.1}, {"trade_seq": 2049, "trade_id": "234465424", "timestamp": 1667998428929, "tick_direction": 3, "price": 0.009, "mark_price": 0.00889302, "iv": 68.99, "instrument_name": "BTC-30DEC22-26000-C", "index_price": 17642.5, "direction": "sell", "amount": 0.1}, {"trade_seq": 2048, "trade_id": "234465422", "timestamp": 1667998428880, "tick_direction": 3, "price": 0.009, "mark_price": 0.00889719, "iv": 68.99, "instrument_name": "BTC-30DEC22-26000-C", "index_price": 17642.5, "direction": "sell", "amount": 0.1}, {"trade_seq": 2047, "trade_id": "234465414", "timestamp": 1667998427226, "tick_direction": 3, "price": 0.009, "mark_price": 0.00890626, "iv": 68.98, "instrument_name": "BTC-30DEC22-26000-C", "index_price": 17643.91, "direction": "sell", "amount": 0.1}, {"trade_seq": 2046, "trade_id": "234465413", "timestamp": 1667998427164, "tick_direction": 3, "price": 0.009, "mark_price": 0.00890626, "iv": 68.98, "instrument_name": "BTC-30DEC22-26000-C", "index_price": 17643.91, "direction": "sell", "amount": 0.1}, {"trade_seq": 2045, "trade_id": "234464525", "timestamp": 1667998301030, "tick_direction": 3, "price": 0.009, "mark_price": 0.00878574, "iv": 69.14, "instrument_name": "BTC-30DEC22-26000-C", "index_price": 17621.87, "direction": "sell", "amount": 0.1}, {"trade_seq": 2044, "trade_id": "234464517", "timestamp": 1667998300828, "tick_direction": 3, "price": 0.009, "mark_price": 0.00878574, "iv": 69.14, "instrument_name": "BTC-30DEC22-26000-C", "index_price": 17621.87, "direction": "sell", "amount": 0.1}, {"trade_seq": 2043, "trade_id": "234464481", "timestamp": 1667998300499, "tick_direction": 3, "price": 0.009, "mark_price": 0.00892398, "iv": 69.14, "instrument_name": "BTC-30DEC22-26000-C", "index_price": 17621.87, "direction": "sell", "amount": 0.1}, {"trade_seq": 2042, "trade_id": "234464473", "timestamp": 1667998300475, "tick_direction": 3, "price": 0.009, "mark_price": 0.00892398, "iv": 69.14, "instrument_name": "BTC-30DEC22-26000-C", "index_price": 17621.87, "direction": "sell", "amount": 0.2}, {"trade_seq": 2041, "trade_id": "234464470", "timestamp": 1667998300442, "tick_direction": 3, "price": 0.009, "mark_price": 0.00892398, "iv": 69.14, "instrument_name": "BTC-30DEC22-26000-C", "index_price": 17621.87, "direction": "sell", "amount": 0.1}, {"trade_seq": 2040, "trade_id": "234464463", "timestamp": 1667998300276, "tick_direction": 3, "price": 0.009, "mark_price": 0.00892398, "iv": 69.14, "instrument_name": "BTC-30DEC22-26000-C", "index_price": 17621.87, "direction": "sell", "amount": 0.1}, {"trade_seq": 2039, "trade_id": "234464455", "timestamp": 1667998300160, "tick_direction": 3, "price": 0.009, "mark_price": 0.00892398, "iv": 68.96, "instrument_name": "BTC-30DEC22-26000-C", "index_price": 17643.18, "direction": "sell", "amount": 0.1}, {"trade_seq": 2038, "trade_id": "234464444", "timestamp": 1667998300139, "tick_direction": 3, "price": 0.009, "mark_price": 0.00892398, "iv": 68.96, "instrument_name": "BTC-30DEC22-26000-C", "index_price": 17643.18, "direction": "sell", "amount": 0.1}, {"trade_seq": 2037, "trade_id": "234464440", "timestamp": 1667998300039, "tick_direction": 3, "price": 0.009, "mark_price": 0.00892398, "iv": 68.96, "instrument_name": "BTC-30DEC22-26000-C", "index_price": 17643.18, "direction": "sell", "amount": 0.1}, {"trade_seq": 2036, "trade_id": "234464438", "timestamp": 1667998300026, "tick_direction": 2, "price": 0.009, "mark_price": 0.00892398, "iv": 68.96, "instrument_name": "BTC-30DEC22-26000-C", "index_price": 17643.18, "direction": "sell", "amount": 0.1}, {"trade_seq": 2035, "trade_id": "234458729", "timestamp": 1667997573508, "tick_direction": 3, "price": 0.0095, "mark_price": 0.00963331, "iv": 68.69, "instrument_name": "BTC-30DEC22-26000-C", "index_price": 17800.84, "direction": "sell", "amount": 0.1}, {"trade_seq": 2034, "trade_id": "234458728", "timestamp": 1667997573495, "tick_direction": 2, "price": 0.0095, "mark_price": 0.00963331, "iv": 68.69, "instrument_name": "BTC-30DEC22-26000-C", "index_price": 17800.84, "direction": "sell", "amount": 0.1}, {"trade_seq": 2033, "trade_id": "234408285", "timestamp": 1667989278718, "tick_direction": 1, "price": 0.011, "mark_price": 0.01081801, "iv": 74.57, "instrument_name": "BTC-30DEC22-26000-C", "index_price": 17359.63, "direction": "buy", "amount": 0.1}, {"trade_seq": 2032, "trade_id": "234408284", "timestamp": 1667989278718, "tick_direction": 0, "price": 0.011, "mark_price": 0.01081801, "iv": 74.57, "instrument_name": "BTC-30DEC22-26000-C", "index_price": 17359.63, "direction": "buy", "amount": 0.1}, {"trade_seq": 2031, "trade_id": "234387994", "timestamp": 1667987821052, "tick_direction": 3, "price": 0.0105, "mark_price": 0.01023138, "iv": 71.34, "instrument_name": "BTC-30DEC22-26000-C", "index_price": 17669.78, "direction": "sell", "amount": 1.0}, {"trade_seq": 2030, "trade_id": "234387985", "timestamp": 1667987818650, "tick_direction": 3, "price": 0.0105, "mark_price": 0.01023617, "iv": 71.33, "instrument_name": "BTC-30DEC22-26000-C", "index_price": 17670.97, "direction": "sell", "amount": 1.0}, {"trade_seq": 2029, "trade_id": "234387981", "timestamp": 1667987812546, "tick_direction": 2, "price": 0.0105, "mark_price": 0.01021571, "iv": 71.32, "instrument_name": "BTC-30DEC22-26000-C", "index_price": 17668.15, "direction": "sell", "amount": 1.0}, {"trade_seq": 2028, "trade_id": "234377621", "timestamp": 1667986199788, "tick_direction": 0, "price": 0.011, "mark_price": 0.01075068, "iv": 69.77, "instrument_name": "BTC-30DEC22-26000-C", "index_price": 17977.41, "direction": "buy", "amount": 3.5}, {"trade_seq": 2027, "trade_id": "234367100", "timestamp": 1667984184494, "tick_direction": 0, "price": 0.01, "mark_price": 0.00980075, "iv": 67.33, "instrument_name": "BTC-30DEC22-26000-C", "index_price": 18091.36, "direction": "buy", "amount": 0.1}, {"trade_seq": 2026, "trade_id": "234363823", "timestamp": 1667983282142, "tick_direction": 1, "price": 0.0095, "mark_price": 0.00964902, "iv": 66.43, "instrument_name": "BTC-30DEC22-26000-C", "index_price": 18109.44, "direction": "buy", "amount": 0.1}, {"trade_seq": 2025, "trade_id": "234355422", "timestamp": 1667981134287, "tick_direction": 1, "price": 0.0095, "mark_price": 0.0090012, "iv": 66.0, "instrument_name": "BTC-30DEC22-26000-C", "index_price": 18161.25, "direction": "sell", "amount": 4.0}, {"trade_seq": 2024, "trade_id": "234355421", "timestamp": 1667981134285, "tick_direction": 0, "price": 0.0095, "mark_price": 0.0090012, "iv": 66.0, "instrument_name": "BTC-30DEC22-26000-C", "index_price": 18161.25, "direction": "buy", "amount": 5.0}, {"trade_seq": 2023, "trade_id": "234353614", "timestamp": 1667980698864, "tick_direction": 0, "price": 0.009, "mark_price": 0.00891749, "iv": 64.66, "instrument_name": "BTC-30DEC22-26000-C", "index_price": 18225.19, "direction": "buy", "amount": 0.1}, {"trade_seq": 2022, "trade_id": "234350908", "timestamp": 1667979879905, "tick_direction": 0, "price": 0.0085, "mark_price": 0.00864567, "iv": 63.56, "instrument_name": "BTC-30DEC22-26000-C", "index_price": 18258.12, "direction": "sell", "amount": 0.1}, {"trade_seq": 2021, "trade_id": "234326322", "timestamp": 1667967005273, "tick_direction": 0, "price": 0.0083, "mark_price": 0.007533, "iv": 63.16, "instrument_name": "BTC-30DEC22-26000-C", "index_price": 18249.46, "direction": "buy", "block_trade_id": "55394", "amount": 11.0}, {"trade_seq": 2020, "trade_id": "234315396", "timestamp": 1667961585539, "tick_direction": 3, "price": 0.008, "mark_price": 0.00833608, "iv": 62.73, "instrument_name": "BTC-30DEC22-26000-C", "index_price": 18229.19, "direction": "sell", "amount": 0.1}, {"trade_seq": 2019, "trade_id": "234315395", "timestamp": 1667961585527, "tick_direction": 3, "price": 0.008, "mark_price": 0.00833608, "iv": 62.73, "instrument_name": "BTC-30DEC22-26000-C", "index_price": 18229.19, "direction": "sell", "amount": 0.1}, {"trade_seq": 2018, "trade_id": "234315394", "timestamp": 1667961585276, "tick_direction": 3, "price": 0.008, "mark_price": 0.00833608, "iv": 62.72, "instrument_name": "BTC-30DEC22-26000-C", "index_price": 18230.51, "direction": "sell", "amount": 0.1}, {"trade_seq": 2017, "trade_id": "234315393", "timestamp": 1667961585258, "tick_direction": 3, "price": 0.008, "mark_price": 0.00833608, "iv": 62.72, "instrument_name": "BTC-30DEC22-26000-C", "index_price": 18230.51, "direction": "sell", "amount": 0.1}, {"trade_seq": 2016, "trade_id": "234315392", "timestamp": 1667961583995, "tick_direction": 3, "price": 0.008, "mark_price": 0.00833751, "iv": 62.72, "instrument_name": "BTC-30DEC22-26000-C", "index_price": 18230.86, "direction": "sell", "amount": 0.1}, {"trade_seq": 2015, "trade_id": "234315391", "timestamp": 1667961582102, "tick_direction": 3, "price": 0.008, "mark_price": 0.00834008, "iv": 62.71, "instrument_name": "BTC-30DEC22-26000-C", "index_price": 18231.52, "direction": "sell", "amount": 0.1}, {"trade_seq": 2014, "trade_id": "234315390", "timestamp": 1667961582092, "tick_direction": 3, "price": 0.008, "mark_price": 0.00834008, "iv": 62.71, "instrument_name": "BTC-30DEC22-26000-C", "index_price": 18231.52, "direction": "sell", "amount": 0.1}, {"trade_seq": 2013, "trade_id": "234315389", "timestamp": 1667961582081, "tick_direction": 3, "price": 0.008, "mark_price": 0.00834008, "iv": 62.71, "instrument_name": "BTC-30DEC22-26000-C", "index_price": 18231.52, "direction": "sell", "amount": 0.1}, {"trade_seq": 2012, "trade_id": "234315388", "timestamp": 1667961582065, "tick_direction": 3, "price": 0.008, "mark_price": 0.00834008, "iv": 62.71, "instrument_name": "BTC-30DEC22-26000-C", "index_price": 18231.52, "direction": "sell", "amount": 0.2}, {"trade_seq": 2011, "trade_id": "234315387", "timestamp": 1667961582054, "tick_direction": 3, "price": 0.008, "mark_price": 0.00834008, "iv": 62.71, "instrument_name": "BTC-30DEC22-26000-C", "index_price": 18231.52, "direction": "sell", "amount": 0.3}, {"trade_seq": 2010, "trade_id": "234315386", "timestamp": 1667961582009, "tick_direction": 3, "price": 0.008, "mark_price": 0.00834008, "iv": 62.71, "instrument_name": "BTC-30DEC22-26000-C", "index_price": 18231.52, "direction": "sell", "amount": 0.4}, {"trade_seq": 2009, "trade_id": "234315381", "timestamp": 1667961577900, "tick_direction": 2, "price": 0.008, "mark_price": 0.00832983, "iv": 62.73, "instrument_name": "BTC-30DEC22-26000-C", "index_price": 18229.03, "direction": "sell", "amount": 0.7}, {"trade_seq": 2008, "trade_id": "234314530", "timestamp": 1667961117381, "tick_direction": 3, "price": 0.0085, "mark_price": 0.0084254, "iv": 63.23, "instrument_name": "BTC-30DEC22-26000-C", "index_price": 18277.82, "direction": "sell", "amount": 0.1}, {"trade_seq": 2007, "trade_id": "234314479", "timestamp": 1667961113354, "tick_direction": 3, "price": 0.0085, "mark_price": 0.00843381, "iv": 63.21, "instrument_name": "BTC-30DEC22-26000-C", "index_price": 18277.88, "direction": "sell", "amount": 0.1}, {"trade_seq": 2006, "trade_id": "234314471", "timestamp": 1667961105460, "tick_direction": 3, "price": 0.0085, "mark_price": 0.00844997, "iv": 63.2, "instrument_name": "BTC-30DEC22-26000-C", "index_price": 18281.49, "direction": "sell", "amount": 0.1}, {"trade_seq": 2005, "trade_id": "234314470", "timestamp": 1667961105442, "tick_direction": 3, "price": 0.0085, "mark_price": 0.00844997, "iv": 63.2, "instrument_name": "BTC-30DEC22-26000-C", "index_price": 18281.49, "direction": "sell", "amount": 0.1}, {"trade_seq": 2004, "trade_id": "234314455", "timestamp": 1667961101532, "tick_direction": 3, "price": 0.0085, "mark_price": 0.00844502, "iv": 63.17, "instrument_name": "BTC-30DEC22-26000-C", "index_price": 18284.73, "direction": "sell", "amount": 0.1}, {"trade_seq": 2003, "trade_id": "234314444", "timestamp": 1667961098412, "tick_direction": 3, "price": 0.0085, "mark_price": 0.00844779, "iv": 63.14, "instrument_name": "BTC-30DEC22-26000-C", "index_price": 18290.47, "direction": "sell", "amount": 0.1}, {"trade_seq": 2002, "trade_id": "234313262", "timestamp": 1667960340538, "tick_direction": 3, "price": 0.0085, "mark_price": 0.00899687, "iv": 62.35, "instrument_name": "BTC-30DEC22-26000-C", "index_price": 18398.01, "direction": "sell", "amount": 0.1}, {"trade_seq": 2001, "trade_id": "234313260", "timestamp": 1667960340523, "tick_direction": 3, "price": 0.0085, "mark_price": 0.00899687, "iv": 62.35, "instrument_name": "BTC-30DEC22-26000-C", "index_price": 18398.01, "direction": "sell", "amount": 0.1}, {"trade_seq": 2000, "trade_id": "234295161", "timestamp": 1667949847221, "tick_direction": 3, "price": 0.0085, "mark_price": 0.00893882, "iv": 62.28, "instrument_name": "BTC-30DEC22-26000-C", "index_price": 18406.25, "direction": "buy", "amount": 0.8}, {"trade_seq": 1999, "trade_id": "234295160", "timestamp": 1667949847219, "tick_direction": 2, "price": 0.0085, "mark_price": 0.00893882, "iv": 62.28, "instrument_name": "BTC-30DEC22-26000-C", "index_price": 18406.25, "direction": "sell", "amount": 0.2}, {"trade_seq": 1998, "trade_id": "234262645", "timestamp": 1667941323489, "tick_direction": 3, "price": 0.01, "mark_price": 0.00970499, "iv": 66.13, "instrument_name": "BTC-30DEC22-26000-C", "index_price": 18205.53, "direction": "buy", "amount": 0.1}, {"trade_seq": 1997, "trade_id": "234262644", "timestamp": 1667941323275, "tick_direction": 3, "price": 0.01, "mark_price": 0.00969387, "iv": 66.13, "instrument_name": "BTC-30DEC22-26000-C", "index_price": 18205.53, "direction": "buy", "amount": 0.3}, {"trade_seq": 1996, "trade_id": "234262641", "timestamp": 1667941323267, "tick_direction": 3, "price": 0.01, "mark_price": 0.00969387, "iv": 66.13, "instrument_name": "BTC-30DEC22-26000-C", "index_price": 18205.53, "direction": "buy", "amount": 4.5}, {"trade_seq": 1995, "trade_id": "234262632", "timestamp": 1667941322953, "tick_direction": 2, "price": 0.01, "mark_price": 0.00969387, "iv": 66.15, "instrument_name": "BTC-30DEC22-26000-C", "index_price": 18203.19, "direction": "buy", "amount": 5.3}, {"trade_seq": 1994, "trade_id": "234253226", "timestamp": 1667939947399, "tick_direction": 2, "price": 0.0135, "mark_price": 0.01383261, "iv": 70.68, "instrument_name": "BTC-30DEC22-26000-C", "index_price": 18279.86, "direction": "sell", "amount": 0.3}, {"trade_seq": 1993, "trade_id": "234161752", "timestamp": 1667934673902, "tick_direction": 2, "price": 0.014, "mark_price": 0.0136065, "iv": 69.38, "instrument_name": "BTC-30DEC22-26000-C", "index_price": 18511.16, "direction": "buy", "amount": 3.0}, {"trade_seq": 1992, "trade_id": "234151624", "timestamp": 1667933060005, "tick_direction": 2, "price": 0.0145, "mark_price": 0.01431755, "iv": 68.11, "instrument_name": "BTC-30DEC22-26000-C", "index_price": 18754.72, "direction": "buy", "amount": 0.2}, {"trade_seq": 1991, "trade_id": "234147219", "timestamp": 1667932501325, "tick_direction": 0, "price": 0.0155, "mark_price": 0.01520935, "iv": 67.62, "instrument_name": "BTC-30DEC22-26000-C", "index_price": 18976.77, "direction": "sell", "amount": 14.9}, {"trade_seq": 1990, "trade_id": "234108764", "timestamp": 1667930458582, "tick_direction": 1, "price": 0.015, "mark_price": 0.01474756, "iv": 63.02, "instrument_name": "BTC-30DEC22-26000-C", "index_price": 19486.82, "direction": "buy", "amount": 2.9}, {"trade_seq": 1989, "trade_id": "234108763", "timestamp": 1667930458582, "tick_direction": 0, "price": 0.015, "mark_price": 0.01474756, "iv": 63.02, "instrument_name": "BTC-30DEC22-26000-C", "index_price": 19486.82, "direction": "buy", "amount": 6.6}, {"trade_seq": 1988, "trade_id": "234107713", "timestamp": 1667930377877, "tick_direction": 2, "price": 0.014, "mark_price": 0.01402541, "iv": 62.6, "instrument_name": "BTC-30DEC22-26000-C", "index_price": 19373.12, "direction": "sell", "amount": 0.1}, {"trade_seq": 1987, "trade_id": "234073493", "timestamp": 1667925650354, "tick_direction": 1, "price": 0.0165, "mark_price": 0.01643256, "iv": 56.22, "instrument_name": "BTC-30DEC22-26000-C", "index_price": 20584.24, "direction": "buy", "amount": 0.5}, {"trade_seq": 1986, "trade_id": "234073492", "timestamp": 1667925650354, "tick_direction": 0, "price": 0.0165, "mark_price": 0.01643256, "iv": 56.22, "instrument_name": "BTC-30DEC22-26000-C", "index_price": 20584.24, "direction": "buy", "amount": 2.0}, {"trade_seq": 1985, "trade_id": "234050953", "timestamp": 1667923910875, "tick_direction": 1, "price": 0.014, "mark_price": 0.01451522, "iv": 57.02, "instrument_name": "BTC-30DEC22-26000-C", "index_price": 20115.68, "direction": "sell", "amount": 1.8}, {"trade_seq": 1984, "trade_id": "234050731", "timestamp": 1667923890807, "tick_direction": 1, "price": 0.014, "mark_price": 0.01422785, "iv": 57.34, "instrument_name": "BTC-30DEC22-26000-C", "index_price": 20074.48, "direction": "sell", "amount": 2.9}, {"trade_seq": 1983, "trade_id": "234048033", "timestamp": 1667923768005, "tick_direction": 1, "price": 0.014, "mark_price": 0.01434253, "iv": 57.12, "instrument_name": "BTC-30DEC22-26000-C", "index_price": 20100.85, "direction": "buy", "amount": 56.4}, {"trade_seq": 1982, "trade_id": "234047440", "timestamp": 1667923732386, "tick_direction": 1, "price": 0.014, "mark_price": 0.0141109, "iv": 57.38, "instrument_name": "BTC-30DEC22-26000-C", "index_price": 20061.82, "direction": "buy", "amount": 5.0}, {"trade_seq": 1981, "trade_id": "234044414", "timestamp": 1667923584286, "tick_direction": 0, "price": 0.014, "mark_price": 0.01432165, "iv": 58.18, "instrument_name": "BTC-30DEC22-26000-C", "index_price": 19954.75, "direction": "buy", "amount": 15.0}, {"trade_seq": 1980, "trade_id": "234041672", "timestamp": 1667923481893, "tick_direction": 1, "price": 0.0135, "mark_price": 0.01387868, "iv": 58.96, "instrument_name": "BTC-30DEC22-26000-C", "index_price": 19757.68, "direction": "buy", "amount": 25.3}, {"trade_seq": 1979, "trade_id": "234041348", "timestamp": 1667923465107, "tick_direction": 1, "price": 0.0135, "mark_price": 0.01372061, "iv": 59.37, "instrument_name": "BTC-30DEC22-26000-C", "index_price": 19714.27, "direction": "buy", "amount": 5.0}, {"trade_seq": 1978, "trade_id": "234041052", "timestamp": 1667923450243, "tick_direction": 1, "price": 0.0135, "mark_price": 0.01374686, "iv": 59.41, "instrument_name": "BTC-30DEC22-26000-C", "index_price": 19709.33, "direction": "buy", "amount": 5.0}, {"trade_seq": 1977, "trade_id": "234040591", "timestamp": 1667923430877, "tick_direction": 1, "price": 0.0135, "mark_price": 0.01379726, "iv": 59.71, "instrument_name": "BTC-30DEC22-26000-C", "index_price": 19682.04, "direction": "buy", "amount": 0.1}, {"trade_seq": 1976, "trade_id": "234040329", "timestamp": 1667923421039, "tick_direction": 1, "price": 0.0135, "mark_price": 0.01372739, "iv": 60.05, "instrument_name": "BTC-30DEC22-26000-C", "index_price": 19625.11, "direction": "buy", "amount": 5.0}, {"trade_seq": 1975, "trade_id": "234033793", "timestamp": 1667921782856, "tick_direction": 1, "price": 0.0135, "mark_price": 0.01328845, "iv": 62.2, "instrument_name": "BTC-30DEC22-26000-C", "index_price": 19348.17, "direction": "buy", "amount": 0.8}, {"trade_seq": 1974, "trade_id": "234025879", "timestamp": 1667920292041, "tick_direction": 0, "price": 0.0135, "mark_price": 0.01330262, "iv": 61.44, "instrument_name": "BTC-30DEC22-26000-C", "index_price": 19438.35, "direction": "buy", "amount": 18.8}, {"trade_seq": 1973, "trade_id": "234024022", "timestamp": 1667919888711, "tick_direction": 1, "price": 0.013, "mark_price": 0.01300191, "iv": 61.28, "instrument_name": "BTC-30DEC22-26000-C", "index_price": 19377.11, "direction": "sell", "amount": 2.0}, {"trade_seq": 1972, "trade_id": "234020752", "timestamp": 1667919054689, "tick_direction": 0, "price": 0.013, "mark_price": 0.01249487, "iv": 61.14, "instrument_name": "BTC-30DEC22-26000-C", "index_price": 19393.21, "direction": "buy", "amount": 6.5}, {"trade_seq": 1971, "trade_id": "234018151", "timestamp": 1667918574163, "tick_direction": 2, "price": 0.012, "mark_price": 0.01182839, "iv": 59.95, "instrument_name": "BTC-30DEC22-26000-C", "index_price": 19381.81, "direction": "sell", "amount": 5.0}, {"trade_seq": 1970, "trade_id": "233989657", "timestamp": 1667902941654, "tick_direction": 1, "price": 0.0125, "mark_price": 0.01188682, "iv": 57.78, "instrument_name": "BTC-30DEC22-26000-C", "index_price": 19740.54, "direction": "buy", "amount": 2.0}, {"trade_seq": 1969, "trade_id": "233987632", "timestamp": 1667900173068, "tick_direction": 0, "price": 0.0125, "mark_price": 0.0121069, "iv": 57.63, "instrument_name": "BTC-30DEC22-26000-C", "index_price": 19762.41, "direction": "buy", "amount": 3.0}, {"trade_seq": 1968, "trade_id": "233984369", "timestamp": 1667897327363, "tick_direction": 2, "price": 0.012, "mark_price": 0.0121926, "iv": 57.28, "instrument_name": "BTC-30DEC22-26000-C", "index_price": 19722.5, "direction": "sell", "amount": 7.8}, {"trade_seq": 1967, "trade_id": "233963642", "timestamp": 1667886843106, "tick_direction": 0, "price": 0.013, "mark_price": 0.01306113, "iv": 58.9, "instrument_name": "BTC-30DEC22-26000-C", "index_price": 19666.66, "direction": "sell", "amount": 0.1}, {"trade_seq": 1966, "trade_id": "233956888", "timestamp": 1667885160389, "tick_direction": 2, "price": 0.012, "mark_price": 0.01197813, "iv": 59.41, "instrument_name": "BTC-30DEC22-26000-C", "index_price": 19418.73, "direction": "sell", "amount": 0.1}, {"trade_seq": 1965, "trade_id": "233941388", "timestamp": 1667882241653, "tick_direction": 2, "price": 0.0125, "mark_price": 0.01204142, "iv": 58.14, "instrument_name": "BTC-30DEC22-26000-C", "index_price": 19681.24, "direction": "buy", "amount": 0.1}, {"trade_seq": 1964, "trade_id": "233914801", "timestamp": 1667878059411, "tick_direction": 0, "price": 0.0155, "mark_price": 0.01341823, "iv": 56.4, "instrument_name": "BTC-30DEC22-26000-C", "index_price": 20384.27, "direction": "sell", "block_trade_id": "55096", "amount": 5.1}, {"trade_seq": 1963, "trade_id": "233911812", "timestamp": 1667877191470, "tick_direction": 3, "price": 0.014, "mark_price": 0.01508263, "iv": 53.6, "instrument_name": "BTC-30DEC22-26000-C", "index_price": 20532.61, "direction": "sell", "amount": 7.6}, {"trade_seq": 1962, "trade_id": "233911811", "timestamp": 1667877191470, "tick_direction": 2, "price": 0.014, "mark_price": 0.01508263, "iv": 53.6, "instrument_name": "BTC-30DEC22-26000-C", "index_price": 20532.61, "direction": "sell", "amount": 6.0}, {"trade_seq": 1961, "trade_id": "233911788", "timestamp": 1667877173608, "tick_direction": 2, "price": 0.0145, "mark_price": 0.01507914, "iv": 54.22, "instrument_name": "BTC-30DEC22-26000-C", "index_price": 20523.74, "direction": "sell", "amount": 6.7}, {"trade_seq": 1960, "trade_id": "233899297", "timestamp": 1667862466298, "tick_direction": 2, "price": 0.015, "mark_price": 0.01555296, "iv": 54.97, "instrument_name": "BTC-30DEC22-26000-C", "index_price": 20489.72, "direction": "sell", "amount": 1.0}, {"trade_seq": 1959, "trade_id": "233859767", "timestamp": 1667812161450, "tick_direction": 0, "price": 0.0175, "mark_price": 0.0170799, "iv": 55.36, "instrument_name": "BTC-30DEC22-26000-C", "index_price": 20748.08, "direction": "buy", "amount": 0.2}, {"trade_seq": 1958, "trade_id": "233855799", "timestamp": 1667808814851, "tick_direction": 0, "price": 0.0165, "mark_price": 0.016102, "iv": 54.73, "instrument_name": "BTC-30DEC22-26000-C", "index_price": 20686.34, "direction": "buy", "amount": 6.0}, {"trade_seq": 1957, "trade_id": "233855282", "timestamp": 1667808502478, "tick_direction": 3, "price": 0.016, "mark_price": 0.01551833, "iv": 54.5, "instrument_name": "BTC-30DEC22-26000-C", "index_price": 20649.94, "direction": "buy", "amount": 4.4}, {"trade_seq": 1956, "trade_id": "233855280", "timestamp": 1667808502324, "tick_direction": 3, "price": 0.016, "mark_price": 0.01551833, "iv": 54.5, "instrument_name": "BTC-30DEC22-26000-C", "index_price": 20649.94, "direction": "buy", "amount": 1.0}, {"trade_seq": 1955, "trade_id": "233855279", "timestamp": 1667808502323, "tick_direction": 3, "price": 0.016, "mark_price": 0.01551833, "iv": 54.5, "instrument_name": "BTC-30DEC22-26000-C", "index_price": 20649.94, "direction": "buy", "amount": 1.9}, {"trade_seq": 1954, "trade_id": "233855278", "timestamp": 1667808502323, "tick_direction": 2, "price": 0.016, "mark_price": 0.01551833, "iv": 54.5, "instrument_name": "BTC-30DEC22-26000-C", "index_price": 20649.94, "direction": "buy", "amount": 4.5}, {"trade_seq": 1953, "trade_id": "233815359", "timestamp": 1667776705050, "tick_direction": 2, "price": 0.0175, "mark_price": 0.01799583, "iv": 53.18, "instrument_name": "BTC-30DEC22-26000-C", "index_price": 21002.77, "direction": "sell", "amount": 3.0}, {"trade_seq": 1952, "trade_id": "233812811", "timestamp": 1667775978471, "tick_direction": 2, "price": 0.018, "mark_price": 0.0185843, "iv": 52.98, "instrument_name": "BTC-30DEC22-26000-C", "index_price": 21099.92, "direction": "sell", "amount": 1.0}, {"trade_seq": 1951, "trade_id": "233787688", "timestamp": 1667734330117, "tick_direction": 2, "price": 0.0195, "mark_price": 0.01924179, "iv": 53.4, "instrument_name": "BTC-30DEC22-26000-C", "index_price": 21192.65, "direction": "sell", "amount": 0.1}, {"trade_seq": 1950, "trade_id": "233771036", "timestamp": 1667704256747, "tick_direction": 2, "price": 0.02, "mark_price": 0.01996385, "iv": 53.32, "instrument_name": "BTC-30DEC22-26000-C", "index_price": 21242.62, "direction": "buy", "amount": 0.1}, {"trade_seq": 1949, "trade_id": "233764792", "timestamp": 1667694990905, "tick_direction": 0, "price": 0.0205, "mark_price": 0.02050559, "iv": 52.91, "instrument_name": "BTC-30DEC22-26000-C", "index_price": 21353.55, "direction": "buy", "amount": 8.0}, {"trade_seq": 1948, "trade_id": "233759188", "timestamp": 1667688080093, "tick_direction": 0, "price": 0.0204, "mark_price": 0.01990969, "iv": 53.24, "instrument_name": "BTC-30DEC22-26000-C", "index_price": 21304.44, "direction": "buy", "block_trade_id": "54901", "amount": 25.0}, {"trade_seq": 1947, "trade_id": "233739254", "timestamp": 1667659017128, "tick_direction": 1, "price": 0.02, "mark_price": 0.02010678, "iv": 52.81, "instrument_name": "BTC-30DEC22-26000-C", "index_price": 21286.45, "direction": "sell", "amount": 0.9}, {"trade_seq": 1946, "trade_id": "233736498", "timestamp": 1667654717463, "tick_direction": 1, "price": 0.02, "mark_price": 0.01988697, "iv": 52.85, "instrument_name": "BTC-30DEC22-26000-C", "index_price": 21278.25, "direction": "sell", "amount": 0.1}, {"trade_seq": 1945, "trade_id": "233680783", "timestamp": 1667602874468, "tick_direction": 1, "price": 0.02, "mark_price": 0.02014296, "iv": 53.29, "instrument_name": "BTC-30DEC22-26000-C", "index_price": 21189.79, "direction": "sell", "amount": 1.0}, {"trade_seq": 1944, "trade_id": "233679074", "timestamp": 1667600437585, "tick_direction": 1, "price": 0.02, "mark_price": 0.02011838, "iv": 53.37, "instrument_name": "BTC-30DEC22-26000-C", "index_price": 21179.08, "direction": "buy", "amount": 0.1}, {"trade_seq": 1943, "trade_id": "233679073", "timestamp": 1667600435340, "tick_direction": 1, "price": 0.02, "mark_price": 0.02012471, "iv": 53.36, "instrument_name": "BTC-30DEC22-26000-C", "index_price": 21179.41, "direction": "buy", "amount": 0.1}, {"trade_seq": 1942, "trade_id": "233679072", "timestamp": 1667600433524, "tick_direction": 1, "price": 0.02, "mark_price": 0.02012501, "iv": 53.36, "instrument_name": "BTC-30DEC22-26000-C", "index_price": 21179.41, "direction": "buy", "amount": 0.1}, {"trade_seq": 1941, "trade_id": "233679071", "timestamp": 1667600431493, "tick_direction": 1, "price": 0.02, "mark_price": 0.02012611, "iv": 53.36, "instrument_name": "BTC-30DEC22-26000-C", "index_price": 21179.35, "direction": "buy", "amount": 0.1}, {"trade_seq": 1940, "trade_id": "233679070", "timestamp": 1667600429722, "tick_direction": 1, "price": 0.02, "mark_price": 0.02012683, "iv": 53.36, "instrument_name": "BTC-30DEC22-26000-C", "index_price": 21179.37, "direction": "buy", "amount": 0.1}, {"trade_seq": 1939, "trade_id": "233679069", "timestamp": 1667600425406, "tick_direction": 1, "price": 0.02, "mark_price": 0.02012748, "iv": 53.36, "instrument_name": "BTC-30DEC22-26000-C", "index_price": 21179.41, "direction": "buy", "amount": 0.1}, {"trade_seq": 1938, "trade_id": "233679063", "timestamp": 1667600419308, "tick_direction": 1, "price": 0.02, "mark_price": 0.02012735, "iv": 53.37, "instrument_name": "BTC-30DEC22-26000-C", "index_price": 21179.33, "direction": "buy", "amount": 0.1}, {"trade_seq": 1937, "trade_id": "233679061", "timestamp": 1667600411177, "tick_direction": 1, "price": 0.02, "mark_price": 0.02012453, "iv": 53.37, "instrument_name": "BTC-30DEC22-26000-C", "index_price": 21179.39, "direction": "buy", "amount": 0.1}, {"trade_seq": 1936, "trade_id": "233679060", "timestamp": 1667600410575, "tick_direction": 0, "price": 0.02, "mark_price": 0.02012453, "iv": 53.37, "instrument_name": "BTC-30DEC22-26000-C", "index_price": 21179.39, "direction": "buy", "amount": 0.2}, {"trade_seq": 1935, "trade_id": "233674025", "timestamp": 1667596517990, "tick_direction": 2, "price": 0.019, "mark_price": 0.01974461, "iv": 52.92, "instrument_name": "BTC-30DEC22-26000-C", "index_price": 21111.66, "direction": "sell", "amount": 0.2}, {"trade_seq": 1934, "trade_id": "233672182", "timestamp": 1667594584570, "tick_direction": 1, "price": 0.02, "mark_price": 0.01965042, "iv": 54.21, "instrument_name": "BTC-30DEC22-26000-C", "index_price": 21069.03, "direction": "sell", "amount": 0.1}, {"trade_seq": 1933, "trade_id": "233672181", "timestamp": 1667594584519, "tick_direction": 1, "price": 0.02, "mark_price": 0.01965042, "iv": 54.21, "instrument_name": "BTC-30DEC22-26000-C", "index_price": 21069.03, "direction": "sell", "amount": 0.5}, {"trade_seq": 1932, "trade_id": "233672180", "timestamp": 1667594584491, "tick_direction": 1, "price": 0.02, "mark_price": 0.01965042, "iv": 54.21, "instrument_name": "BTC-30DEC22-26000-C", "index_price": 21069.03, "direction": "sell", "amount": 0.4}, {"trade_seq": 1931, "trade_id": "233672111", "timestamp": 1667594459468, "tick_direction": 1, "price": 0.02, "mark_price": 0.01979955, "iv": 54.03, "instrument_name": "BTC-30DEC22-26000-C", "index_price": 21085.21, "direction": "sell", "amount": 0.1}, {"trade_seq": 1930, "trade_id": "233672109", "timestamp": 1667594459378, "tick_direction": 1, "price": 0.02, "mark_price": 0.01979955, "iv": 54.03, "instrument_name": "BTC-30DEC22-26000-C", "index_price": 21085.21, "direction": "sell", "amount": 0.4}, {"trade_seq": 1929, "trade_id": "233672107", "timestamp": 1667594459306, "tick_direction": 1, "price": 0.02, "mark_price": 0.01979955, "iv": 54.03, "instrument_name": "BTC-30DEC22-26000-C", "index_price": 21085.21, "direction": "sell", "amount": 0.1}, {"trade_seq": 1928, "trade_id": "233672106", "timestamp": 1667594459297, "tick_direction": 1, "price": 0.02, "mark_price": 0.01979955, "iv": 54.03, "instrument_name": "BTC-30DEC22-26000-C", "index_price": 21085.21, "direction": "sell", "amount": 0.1}, {"trade_seq": 1927, "trade_id": "233672105", "timestamp": 1667594459268, "tick_direction": 1, "price": 0.02, "mark_price": 0.01979955, "iv": 54.03, "instrument_name": "BTC-30DEC22-26000-C", "index_price": 21090.31, "direction": "sell", "amount": 0.1}, {"trade_seq": 1926, "trade_id": "233672104", "timestamp": 1667594459223, "tick_direction": 1, "price": 0.02, "mark_price": 0.01979955, "iv": 54.03, "instrument_name": "BTC-30DEC22-26000-C", "index_price": 21090.31, "direction": "sell", "amount": 0.1}, {"trade_seq": 1925, "trade_id": "233672103", "timestamp": 1667594459196, "tick_direction": 1, "price": 0.02, "mark_price": 0.01979955, "iv": 54.03, "instrument_name": "BTC-30DEC22-26000-C", "index_price": 21090.31, "direction": "sell", "amount": 0.1}, {"trade_seq": 1924, "trade_id": "233672099", "timestamp": 1667594459145, "tick_direction": 1, "price": 0.02, "mark_price": 0.01979955, "iv": 54.03, "instrument_name": "BTC-30DEC22-26000-C", "index_price": 21090.31, "direction": "sell", "amount": 0.2}, {"trade_seq": 1923, "trade_id": "233672065", "timestamp": 1667594436685, "tick_direction": 1, "price": 0.02, "mark_price": 0.01977718, "iv": 54.03, "instrument_name": "BTC-30DEC22-26000-C", "index_price": 21090.12, "direction": "sell", "amount": 0.1}, {"trade_seq": 1922, "trade_id": "233672064", "timestamp": 1667594436675, "tick_direction": 1, "price": 0.02, "mark_price": 0.01977698, "iv": 54.03, "instrument_name": "BTC-30DEC22-26000-C", "index_price": 21090.12, "direction": "sell", "amount": 0.1}, {"trade_seq": 1921, "trade_id": "233672063", "timestamp": 1667594436666, "tick_direction": 1, "price": 0.02, "mark_price": 0.01977698, "iv": 54.03, "instrument_name": "BTC-30DEC22-26000-C", "index_price": 21090.12, "direction": "sell", "amount": 0.1}, {"trade_seq": 1920, "trade_id": "233672062", "timestamp": 1667594436657, "tick_direction": 1, "price": 0.02, "mark_price": 0.01977698, "iv": 54.03, "instrument_name": "BTC-30DEC22-26000-C", "index_price": 21090.12, "direction": "sell", "amount": 0.1}, {"trade_seq": 1919, "trade_id": "233672061", "timestamp": 1667594436647, "tick_direction": 1, "price": 0.02, "mark_price": 0.01977698, "iv": 54.03, "instrument_name": "BTC-30DEC22-26000-C", "index_price": 21090.12, "direction": "sell", "amount": 0.2}, {"trade_seq": 1918, "trade_id": "233672060", "timestamp": 1667594436634, "tick_direction": 1, "price": 0.02, "mark_price": 0.01977698, "iv": 54.03, "instrument_name": "BTC-30DEC22-26000-C", "index_price": 21090.12, "direction": "sell", "amount": 0.2}, {"trade_seq": 1917, "trade_id": "233672059", "timestamp": 1667594436634, "tick_direction": 1, "price": 0.02, "mark_price": 0.01977698, "iv": 54.03, "instrument_name": "BTC-30DEC22-26000-C", "index_price": 21090.12, "direction": "sell", "amount": 0.1}, {"trade_seq": 1916, "trade_id": "233672058", "timestamp": 1667594436625, "tick_direction": 1, "price": 0.02, "mark_price": 0.01977698, "iv": 54.03, "instrument_name": "BTC-30DEC22-26000-C", "index_price": 21090.12, "direction": "sell", "amount": 0.4}, {"trade_seq": 1915, "trade_id": "233672057", "timestamp": 1667594436599, "tick_direction": 1, "price": 0.02, "mark_price": 0.01977698, "iv": 54.03, "instrument_name": "BTC-30DEC22-26000-C", "index_price": 21090.12, "direction": "sell", "amount": 0.5}, {"trade_seq": 1914, "trade_id": "233669095", "timestamp": 1667593067140, "tick_direction": 0, "price": 0.02, "mark_price": 0.02007498, "iv": 54.13, "instrument_name": "BTC-30DEC22-26000-C", "index_price": 21074.74, "direction": "sell", "amount": 0.2}, {"trade_seq": 1913, "trade_id": "233663898", "timestamp": 1667590107910, "tick_direction": 2, "price": 0.019, "mark_price": 0.01949161, "iv": 53.95, "instrument_name": "BTC-30DEC22-26000-C", "index_price": 20962.23, "direction": "sell", "amount": 0.1}, {"trade_seq": 1912, "trade_id": "233660748", "timestamp": 1667588156931, "tick_direction": 0, "price": 0.0195, "mark_price": 0.01962468, "iv": 54.21, "instrument_name": "BTC-30DEC22-26000-C", "index_price": 20988.34, "direction": "sell", "amount": 1.2}, {"trade_seq": 1911, "trade_id": "233657557", "timestamp": 1667586982409, "tick_direction": 2, "price": 0.0185, "mark_price": 0.0188952, "iv": 53.74, "instrument_name": "BTC-30DEC22-26000-C", "index_price": 20924.91, "direction": "sell", "amount": 2.9}, {"trade_seq": 1910, "trade_id": "233656395", "timestamp": 1667586524759, "tick_direction": 1, "price": 0.019, "mark_price": 0.01903135, "iv": 54.11, "instrument_name": "BTC-30DEC22-26000-C", "index_price": 20934.3, "direction": "sell", "amount": 1.5}, {"trade_seq": 1909, "trade_id": "233656393", "timestamp": 1667586524266, "tick_direction": 1, "price": 0.019, "mark_price": 0.01903135, "iv": 54.11, "instrument_name": "BTC-30DEC22-26000-C", "index_price": 20934.3, "direction": "sell", "amount": 2.5}, {"trade_seq": 1908, "trade_id": "233656339", "timestamp": 1667586521724, "tick_direction": 0, "price": 0.019, "mark_price": 0.01896148, "iv": 54.18, "instrument_name": "BTC-30DEC22-26000-C", "index_price": 20926.07, "direction": "sell", "amount": 1.1}, {"trade_seq": 1907, "trade_id": "233645844", "timestamp": 1667580494141, "tick_direction": 3, "price": 0.018, "mark_price": 0.01812353, "iv": 54.62, "instrument_name": "BTC-30DEC22-26000-C", "index_price": 20741.58, "direction": "sell", "amount": 2.7}, {"trade_seq": 1906, "trade_id": "233645826", "timestamp": 1667580489432, "tick_direction": 2, "price": 0.018, "mark_price": 0.01818359, "iv": 54.59, "instrument_name": "BTC-30DEC22-26000-C", "index_price": 20746.88, "direction": "sell", "amount": 1.9}, {"trade_seq": 1905, "trade_id": "233644310", "timestamp": 1667579984044, "tick_direction": 3, "price": 0.0185, "mark_price": 0.01858368, "iv": 54.84, "instrument_name": "BTC-30DEC22-26000-C", "index_price": 20775.98, "direction": "sell", "amount": 1.8}, {"trade_seq": 1904, "trade_id": "233644270", "timestamp": 1667579981363, "tick_direction": 2, "price": 0.0185, "mark_price": 0.01861451, "iv": 54.82, "instrument_name": "BTC-30DEC22-26000-C", "index_price": 20778.43, "direction": "sell", "amount": 2.7}, {"trade_seq": 1903, "trade_id": "233641579", "timestamp": 1667579012379, "tick_direction": 2, "price": 0.019, "mark_price": 0.01900354, "iv": 55.16, "instrument_name": "BTC-30DEC22-26000-C", "index_price": 20792.1, "direction": "sell", "amount": 1.5}, {"trade_seq": 1902, "trade_id": "233639865", "timestamp": 1667578740163, "tick_direction": 1, "price": 0.0195, "mark_price": 0.01956148, "iv": 55.04, "instrument_name": "BTC-30DEC22-26000-C", "index_price": 20869.7, "direction": "sell", "amount": 2.3}, {"trade_seq": 1901, "trade_id": "233638641", "timestamp": 1667578654325, "tick_direction": 0, "price": 0.0195, "mark_price": 0.01946698, "iv": 55.15, "instrument_name": "BTC-30DEC22-26000-C", "index_price": 20856.98, "direction": "sell", "amount": 1.7}, {"trade_seq": 1900, "trade_id": "233633930", "timestamp": 1667577861971, "tick_direction": 2, "price": 0.019, "mark_price": 0.01879325, "iv": 55.35, "instrument_name": "BTC-30DEC22-26000-C", "index_price": 20769.76, "direction": "sell", "amount": 2.5}, {"trade_seq": 1899, "trade_id": "233633043", "timestamp": 1667577785664, "tick_direction": 3, "price": 0.0195, "mark_price": 0.01939927, "iv": 55.16, "instrument_name": "BTC-30DEC22-26000-C", "index_price": 20854.14, "direction": "sell", "amount": 0.1}, {"trade_seq": 1898, "trade_id": "233633042", "timestamp": 1667577785662, "tick_direction": 3, "price": 0.0195, "mark_price": 0.01939927, "iv": 55.16, "instrument_name": "BTC-30DEC22-26000-C", "index_price": 20854.14, "direction": "sell", "amount": 0.1}, {"trade_seq": 1897, "trade_id": "233633041", "timestamp": 1667577785641, "tick_direction": 3, "price": 0.0195, "mark_price": 0.01939927, "iv": 55.16, "instrument_name": "BTC-30DEC22-26000-C", "index_price": 20854.14, "direction": "sell", "amount": 0.1}, {"trade_seq": 1896, "trade_id": "233633040", "timestamp": 1667577785570, "tick_direction": 3, "price": 0.0195, "mark_price": 0.01939927, "iv": 55.16, "instrument_name": "BTC-30DEC22-26000-C", "index_price": 20854.14, "direction": "sell", "amount": 0.1}, {"trade_seq": 1895, "trade_id": "233632984", "timestamp": 1667577774753, "tick_direction": 3, "price": 0.0195, "mark_price": 0.0194699, "iv": 55.09, "instrument_name": "BTC-30DEC22-26000-C", "index_price": 20864.71, "direction": "sell", "amount": 0.1}, {"trade_seq": 1894, "trade_id": "233632983", "timestamp": 1667577774738, "tick_direction": 3, "price": 0.0195, "mark_price": 0.0194699, "iv": 55.09, "instrument_name": "BTC-30DEC22-26000-C", "index_price": 20864.71, "direction": "sell", "amount": 0.1}, {"trade_seq": 1893, "trade_id": "233632982", "timestamp": 1667577774720, "tick_direction": 3, "price": 0.0195, "mark_price": 0.0194699, "iv": 55.09, "instrument_name": "BTC-30DEC22-26000-C", "index_price": 20864.71, "direction": "sell", "amount": 0.1}, {"trade_seq": 1892, "trade_id": "233632981", "timestamp": 1667577774708, "tick_direction": 3, "price": 0.0195, "mark_price": 0.0194699, "iv": 55.09, "instrument_name": "BTC-30DEC22-26000-C", "index_price": 20864.71, "direction": "sell", "amount": 0.1}, {"trade_seq": 1891, "trade_id": "233632980", "timestamp": 1667577774689, "tick_direction": 3, "price": 0.0195, "mark_price": 0.0194699, "iv": 55.09, "instrument_name": "BTC-30DEC22-26000-C", "index_price": 20864.71, "direction": "sell", "amount": 0.2}, {"trade_seq": 1890, "trade_id": "233632979", "timestamp": 1667577774674, "tick_direction": 3, "price": 0.0195, "mark_price": 0.0194699, "iv": 55.09, "instrument_name": "BTC-30DEC22-26000-C", "index_price": 20864.71, "direction": "sell", "amount": 0.3}, {"trade_seq": 1889, "trade_id": "233632978", "timestamp": 1667577774653, "tick_direction": 3, "price": 0.0195, "mark_price": 0.0194699, "iv": 55.09, "instrument_name": "BTC-30DEC22-26000-C", "index_price": 20864.71, "direction": "sell", "amount": 0.4}, {"trade_seq": 1888, "trade_id": "233631544", "timestamp": 1667577600721, "tick_direction": 2, "price": 0.0195, "mark_price": 0.01931541, "iv": 55.29, "instrument_name": "BTC-30DEC22-26000-C", "index_price": 20840.85, "direction": "sell", "amount": 1.2}, {"trade_seq": 1887, "trade_id": "233629794", "timestamp": 1667577290525, "tick_direction": 3, "price": 0.02, "mark_price": 0.01986176, "iv": 55.14, "instrument_name": "BTC-30DEC22-26000-C", "index_price": 20920.45, "direction": "sell", "amount": 0.1}, {"trade_seq": 1886, "trade_id": "233629793", "timestamp": 1667577290490, "tick_direction": 3, "price": 0.02, "mark_price": 0.01986176, "iv": 55.14, "instrument_name": "BTC-30DEC22-26000-C", "index_price": 20920.45, "direction": "sell", "amount": 0.1}, {"trade_seq": 1885, "trade_id": "233629789", "timestamp": 1667577290188, "tick_direction": 3, "price": 0.02, "mark_price": 0.01986176, "iv": 55.14, "instrument_name": "BTC-30DEC22-26000-C", "index_price": 20920.45, "direction": "sell", "amount": 0.1}, {"trade_seq": 1884, "trade_id": "233629788", "timestamp": 1667577290167, "tick_direction": 3, "price": 0.02, "mark_price": 0.01986176, "iv": 55.14, "instrument_name": "BTC-30DEC22-26000-C", "index_price": 20920.45, "direction": "sell", "amount": 0.1}, {"trade_seq": 1883, "trade_id": "233629787", "timestamp": 1667577290152, "tick_direction": 3, "price": 0.02, "mark_price": 0.01986176, "iv": 55.14, "instrument_name": "BTC-30DEC22-26000-C", "index_price": 20920.45, "direction": "sell", "amount": 0.2}, {"trade_seq": 1882, "trade_id": "233629779", "timestamp": 1667577289111, "tick_direction": 3, "price": 0.02, "mark_price": 0.0198718, "iv": 55.13, "instrument_name": "BTC-30DEC22-26000-C", "index_price": 20921.51, "direction": "sell", "amount": 0.1}, {"trade_seq": 1881, "trade_id": "233629778", "timestamp": 1667577289100, "tick_direction": 3, "price": 0.02, "mark_price": 0.0198718, "iv": 55.13, "instrument_name": "BTC-30DEC22-26000-C", "index_price": 20921.51, "direction": "sell", "amount": 0.1}, {"trade_seq": 1880, "trade_id": "233629775", "timestamp": 1667577289086, "tick_direction": 3, "price": 0.02, "mark_price": 0.0198718, "iv": 55.13, "instrument_name": "BTC-30DEC22-26000-C", "index_price": 20921.51, "direction": "sell", "amount": 0.1}, {"trade_seq": 1879, "trade_id": "233629774", "timestamp": 1667577289071, "tick_direction": 3, "price": 0.02, "mark_price": 0.0198718, "iv": 55.13, "instrument_name": "BTC-30DEC22-26000-C", "index_price": 20921.51, "direction": "sell", "amount": 0.1}, {"trade_seq": 1878, "trade_id": "233629695", "timestamp": 1667577284941, "tick_direction": 3, "price": 0.02, "mark_price": 0.01993319, "iv": 55.07, "instrument_name": "BTC-30DEC22-26000-C", "index_price": 20928.1, "direction": "sell", "amount": 0.1}, {"trade_seq": 1877, "trade_id": "233629694", "timestamp": 1667577284931, "tick_direction": 3, "price": 0.02, "mark_price": 0.01993319, "iv": 55.07, "instrument_name": "BTC-30DEC22-26000-C", "index_price": 20928.1, "direction": "sell", "amount": 0.1}, {"trade_seq": 1876, "trade_id": "233629693", "timestamp": 1667577284920, "tick_direction": 3, "price": 0.02, "mark_price": 0.01993319, "iv": 55.07, "instrument_name": "BTC-30DEC22-26000-C", "index_price": 20928.1, "direction": "sell", "amount": 0.1}, {"trade_seq": 1875, "trade_id": "233629690", "timestamp": 1667577284422, "tick_direction": 3, "price": 0.02, "mark_price": 0.01993319, "iv": 55.03, "instrument_name": "BTC-30DEC22-26000-C", "index_price": 20928.74, "direction": "sell", "amount": 0.1}, {"trade_seq": 1874, "trade_id": "233629688", "timestamp": 1667577284412, "tick_direction": 3, "price": 0.02, "mark_price": 0.01993319, "iv": 55.03, "instrument_name": "BTC-30DEC22-26000-C", "index_price": 20928.74, "direction": "sell", "amount": 0.1}, {"trade_seq": 1873, "trade_id": "233629685", "timestamp": 1667577284177, "tick_direction": 3, "price": 0.02, "mark_price": 0.01993319, "iv": 55.03, "instrument_name": "BTC-30DEC22-26000-C", "index_price": 20928.74, "direction": "sell", "amount": 0.1}, {"trade_seq": 1872, "trade_id": "233629684", "timestamp": 1667577284056, "tick_direction": 3, "price": 0.02, "mark_price": 0.01993319, "iv": 55.03, "instrument_name": "BTC-30DEC22-26000-C", "index_price": 20928.74, "direction": "sell", "amount": 0.1}, {"trade_seq": 1871, "trade_id": "233629683", "timestamp": 1667577284044, "tick_direction": 2, "price": 0.02, "mark_price": 0.01993319, "iv": 55.03, "instrument_name": "BTC-30DEC22-26000-C", "index_price": 20928.74, "direction": "sell", "amount": 0.1}