{"trades": [{"trade_seq": 6626, "trade_id": "138680925", "timestamp": 1616670185677, "tick_direction": 3, "price": 0.0005, "mark_price": 2e-08, "iv": 177.16, "instrument_name": "BTC-26MAR21-64000-C", "index_price": 52994.18, "direction": "sell", "amount": 0.7}, {"trade_seq": 6625, "trade_id": "138680924", "timestamp": 1616670184415, "tick_direction": 3, "price": 0.0005, "mark_price": 2e-08, "iv": 177.15, "instrument_name": "BTC-26MAR21-64000-C", "index_price": 52994.11, "direction": "sell", "amount": 3.0}, {"trade_seq": 6624, "trade_id": "138680875", "timestamp": 1616670165664, "tick_direction": 3, "price": 0.0005, "mark_price": 2e-08, "iv": 177.49, "instrument_name": "BTC-26MAR21-64000-C", "index_price": 52970.75, "direction": "sell", "amount": 5.0}, {"trade_seq": 6623, "trade_id": "138680830", "timestamp": 1616670134531, "tick_direction": 3, "price": 0.0005, "mark_price": 2e-08, "iv": 177.76, "instrument_name": "BTC-26MAR21-64000-C", "index_price": 52949.46, "direction": "sell", "amount": 1.0}, {"trade_seq": 6622, "trade_id": "138680721", "timestamp": 1616670106877, "tick_direction": 3, "price": 0.0005, "mark_price": 2e-08, "iv": 177.88, "instrument_name": "BTC-26MAR21-64000-C", "index_price": 52934.37, "direction": "sell", "amount": 3.0}, {"trade_seq": 6621, "trade_id": "138680692", "timestamp": 1616670096546, "tick_direction": 3, "price": 0.0005, "mark_price": 2e-08, "iv": 177.56, "instrument_name": "BTC-26MAR21-64000-C", "index_price": 52954.65, "direction": "sell", "amount": 10.0}, {"trade_seq": 6620, "trade_id": "138680620", "timestamp": 1616670079011, "tick_direction": 3, "price": 0.0005, "mark_price": 2e-08, "iv": 176.86, "instrument_name": "BTC-26MAR21-64000-C", "index_price": 52991.72, "direction": "sell", "amount": 5.0}, {"trade_seq": 6619, "trade_id": "138680596", "timestamp": 1616670074201, "tick_direction": 3, "price": 0.0005, "mark_price": 2e-08, "iv": 176.66, "instrument_name": "BTC-26MAR21-64000-C", "index_price": 53004.14, "direction": "sell", "amount": 2.3}, {"trade_seq": 6618, "trade_id": "138680565", "timestamp": 1616670064611, "tick_direction": 3, "price": 0.0005, "mark_price": 2e-08, "iv": 176.37, "instrument_name": "BTC-26MAR21-64000-C", "index_price": 53024.6, "direction": "sell", "amount": 5.0}, {"trade_seq": 6617, "trade_id": "138680535", "timestamp": 1616670057643, "tick_direction": 3, "price": 0.0005, "mark_price": 2e-08, "iv": 176.31, "instrument_name": "BTC-26MAR21-64000-C", "index_price": 53020.67, "direction": "sell", "amount": 10.0}, {"trade_seq": 6616, "trade_id": "138680422", "timestamp": 1616670042853, "tick_direction": 3, "price": 0.0005, "mark_price": 2e-08, "iv": 176.06, "instrument_name": "BTC-26MAR21-64000-C", "index_price": 53042.09, "direction": "sell", "amount": 5.0}, {"trade_seq": 6615, "trade_id": "138680390", "timestamp": 1616670033904, "tick_direction": 3, "price": 0.0005, "mark_price": 2e-08, "iv": 176.09, "instrument_name": "BTC-26MAR21-64000-C", "index_price": 53042.62, "direction": "sell", "amount": 10.0}, {"trade_seq": 6614, "trade_id": "138680265", "timestamp": 1616670013465, "tick_direction": 3, "price": 0.0005, "mark_price": 2e-08, "iv": 176.85, "instrument_name": "BTC-26MAR21-64000-C", "index_price": 53005.55, "direction": "sell", "amount": 10.0}, {"trade_seq": 6613, "trade_id": "138680235", "timestamp": 1616670006946, "tick_direction": 3, "price": 0.0005, "mark_price": 2e-08, "iv": 177.17, "instrument_name": "BTC-26MAR21-64000-C", "index_price": 52985.01, "direction": "sell", "amount": 5.0}, {"trade_seq": 6612, "trade_id": "138680217", "timestamp": 1616670000140, "tick_direction": 3, "price": 0.0005, "mark_price": 2e-08, "iv": 177.48, "instrument_name": "BTC-26MAR21-64000-C", "index_price": 52962.91, "direction": "sell", "amount": 19.0}, {"trade_seq": 6611, "trade_id": "138680216", "timestamp": 1616670000127, "tick_direction": 3, "price": 0.0005, "mark_price": 2e-08, "iv": 177.48, "instrument_name": "BTC-26MAR21-64000-C", "index_price": 52962.91, "direction": "buy", "amount": 1.0}, {"trade_seq": 6610, "trade_id": "138680215", "timestamp": 1616670000127, "tick_direction": 3, "price": 0.0005, "mark_price": 2e-08, "iv": 177.48, "instrument_name": "BTC-26MAR21-64000-C", "index_price": 52962.91, "direction": "buy", "amount": 5.0}, {"trade_seq": 6609, "trade_id": "138567640", "timestamp": 1616638102428, "tick_direction": 3, "price": 0.0005, "mark_price": 7.4e-07, "iv": 157.87, "instrument_name": "BTC-26MAR21-64000-C", "index_price": 52134.18, "direction": "buy", "amount": 2.7}, {"trade_seq": 6608, "trade_id": "138399953", "timestamp": 1616617699304, "tick_direction": 3, "price": 0.0005, "mark_price": 0.00016121, "iv": 126.69, "instrument_name": "BTC-26MAR21-64000-C", "index_price": 53712.11, "direction": "buy", "amount": 0.1}, {"trade_seq": 6607, "trade_id": "138304662", "timestamp": 1616603081844, "tick_direction": 3, "price": 0.0005, "mark_price": 0.00066187, "iv": 95.93, "instrument_name": "BTC-26MAR21-64000-C", "index_price": 55966.6, "direction": "sell", "amount": 0.5}, {"trade_seq": 6606, "trade_id": "138304661", "timestamp": 1616603081770, "tick_direction": 3, "price": 0.0005, "mark_price": 0.00066201, "iv": 95.85, "instrument_name": "BTC-26MAR21-64000-C", "index_price": 55967.62, "direction": "sell", "amount": 0.2}, {"trade_seq": 6605, "trade_id": "138304660", "timestamp": 1616603081756, "tick_direction": 3, "price": 0.0005, "mark_price": 0.00066201, "iv": 95.85, "instrument_name": "BTC-26MAR21-64000-C", "index_price": 55967.62, "direction": "sell", "amount": 0.3}, {"trade_seq": 6604, "trade_id": "138304659", "timestamp": 1616603081742, "tick_direction": 3, "price": 0.0005, "mark_price": 0.00066201, "iv": 95.85, "instrument_name": "BTC-26MAR21-64000-C", "index_price": 55967.62, "direction": "sell", "amount": 1.3}, {"trade_seq": 6603, "trade_id": "138304658", "timestamp": 1616603081730, "tick_direction": 3, "price": 0.0005, "mark_price": 0.00066201, "iv": 95.85, "instrument_name": "BTC-26MAR21-64000-C", "index_price": 55967.62, "direction": "buy", "amount": 0.6}, {"trade_seq": 6602, "trade_id": "138304538", "timestamp": 1616603058373, "tick_direction": 3, "price": 0.0005, "mark_price": 0.00066182, "iv": 96.39, "instrument_name": "BTC-26MAR21-64000-C", "index_price": 55920.56, "direction": "buy", "amount": 0.4}, {"trade_seq": 6601, "trade_id": "138304537", "timestamp": 1616603058363, "tick_direction": 3, "price": 0.0005, "mark_price": 0.00066182, "iv": 96.39, "instrument_name": "BTC-26MAR21-64000-C", "index_price": 55920.56, "direction": "buy", "amount": 3.8}, {"trade_seq": 6600, "trade_id": "138304535", "timestamp": 1616603057852, "tick_direction": 3, "price": 0.0005, "mark_price": 0.00066182, "iv": 96.39, "instrument_name": "BTC-26MAR21-64000-C", "index_price": 55920.56, "direction": "sell", "amount": 1.0}, {"trade_seq": 6599, "trade_id": "138304534", "timestamp": 1616603057852, "tick_direction": 3, "price": 0.0005, "mark_price": 0.00066182, "iv": 96.39, "instrument_name": "BTC-26MAR21-64000-C", "index_price": 55920.56, "direction": "sell", "amount": 0.5}, {"trade_seq": 6598, "trade_id": "138304533", "timestamp": 1616603057852, "tick_direction": 3, "price": 0.0005, "mark_price": 0.00066182, "iv": 96.39, "instrument_name": "BTC-26MAR21-64000-C", "index_price": 55920.56, "direction": "sell", "amount": 0.5}, {"trade_seq": 6597, "trade_id": "138304532", "timestamp": 1616603057852, "tick_direction": 3, "price": 0.0005, "mark_price": 0.00066182, "iv": 96.39, "instrument_name": "BTC-26MAR21-64000-C", "index_price": 55920.56, "direction": "sell", "amount": 5.0}, {"trade_seq": 6596, "trade_id": "138304531", "timestamp": 1616603057852, "tick_direction": 3, "price": 0.0005, "mark_price": 0.00066182, "iv": 96.39, "instrument_name": "BTC-26MAR21-64000-C", "index_price": 55920.56, "direction": "sell", "amount": 1.5}, {"trade_seq": 6595, "trade_id": "138304530", "timestamp": 1616603057852, "tick_direction": 3, "price": 0.0005, "mark_price": 0.00066182, "iv": 96.39, "instrument_name": "BTC-26MAR21-64000-C", "index_price": 55920.56, "direction": "sell", "amount": 50.0}, {"trade_seq": 6594, "trade_id": "138304529", "timestamp": 1616603057852, "tick_direction": 3, "price": 0.0005, "mark_price": 0.00066182, "iv": 96.39, "instrument_name": "BTC-26MAR21-64000-C", "index_price": 55920.56, "direction": "sell", "amount": 28.5}, {"trade_seq": 6593, "trade_id": "138304496", "timestamp": 1616603051877, "tick_direction": 3, "price": 0.0005, "mark_price": 0.00065945, "iv": 96.43, "instrument_name": "BTC-26MAR21-64000-C", "index_price": 55917.43, "direction": "sell", "amount": 3.1}, {"trade_seq": 6592, "trade_id": "138304487", "timestamp": 1616603050899, "tick_direction": 3, "price": 0.0005, "mark_price": 0.00066063, "iv": 96.4, "instrument_name": "BTC-26MAR21-64000-C", "index_price": 55916.61, "direction": "sell", "amount": 3.1}, {"trade_seq": 6591, "trade_id": "138304483", "timestamp": 1616603049805, "tick_direction": 3, "price": 0.0005, "mark_price": 0.00066038, "iv": 96.4, "instrument_name": "BTC-26MAR21-64000-C", "index_price": 55919.58, "direction": "sell", "amount": 3.1}, {"trade_seq": 6590, "trade_id": "138302409", "timestamp": 1616602567347, "tick_direction": 3, "price": 0.0005, "mark_price": 0.00067258, "iv": 94.51, "instrument_name": "BTC-26MAR21-64000-C", "index_price": 56090.58, "direction": "sell", "amount": 1.0}, {"trade_seq": 6589, "trade_id": "138302406", "timestamp": 1616602566260, "tick_direction": 3, "price": 0.0005, "mark_price": 0.00067255, "iv": 94.5, "instrument_name": "BTC-26MAR21-64000-C", "index_price": 56090.83, "direction": "sell", "amount": 1.0}, {"trade_seq": 6588, "trade_id": "138302404", "timestamp": 1616602565162, "tick_direction": 3, "price": 0.0005, "mark_price": 0.0006725, "iv": 94.5, "instrument_name": "BTC-26MAR21-64000-C", "index_price": 56089.74, "direction": "sell", "amount": 1.0}, {"trade_seq": 6587, "trade_id": "138302401", "timestamp": 1616602563847, "tick_direction": 3, "price": 0.0005, "mark_price": 0.00067091, "iv": 94.54, "instrument_name": "BTC-26MAR21-64000-C", "index_price": 56090.23, "direction": "sell", "amount": 1.0}, {"trade_seq": 6586, "trade_id": "138301944", "timestamp": 1616602371000, "tick_direction": 3, "price": 0.0005, "mark_price": 0.00071095, "iv": 93.42, "instrument_name": "BTC-26MAR21-64000-C", "index_price": 56179.71, "direction": "sell", "amount": 1.0}, {"trade_seq": 6585, "trade_id": "138301942", "timestamp": 1616602369462, "tick_direction": 3, "price": 0.0005, "mark_price": 0.00070895, "iv": 93.45, "instrument_name": "BTC-26MAR21-64000-C", "index_price": 56173.59, "direction": "sell", "amount": 1.0}, {"trade_seq": 6584, "trade_id": "138297857", "timestamp": 1616601123588, "tick_direction": 2, "price": 0.0005, "mark_price": 0.00068245, "iv": 93.86, "instrument_name": "BTC-26MAR21-64000-C", "index_price": 56083.69, "direction": "sell", "amount": 1.0}, {"trade_seq": 6583, "trade_id": "138248668", "timestamp": 1616588220644, "tick_direction": 1, "price": 0.001, "mark_price": 0.0007675, "iv": 91.57, "instrument_name": "BTC-26MAR21-64000-C", "index_price": 56984.79, "direction": "sell", "amount": 0.1}, {"trade_seq": 6582, "trade_id": "138248667", "timestamp": 1616588220604, "tick_direction": 1, "price": 0.001, "mark_price": 0.0007675, "iv": 91.57, "instrument_name": "BTC-26MAR21-64000-C", "index_price": 56984.79, "direction": "sell", "amount": 0.1}, {"trade_seq": 6581, "trade_id": "138248666", "timestamp": 1616588220464, "tick_direction": 1, "price": 0.001, "mark_price": 0.0007675, "iv": 91.57, "instrument_name": "BTC-26MAR21-64000-C", "index_price": 56984.79, "direction": "sell", "amount": 0.2}, {"trade_seq": 6580, "trade_id": "138248665", "timestamp": 1616588220450, "tick_direction": 1, "price": 0.001, "mark_price": 0.0007675, "iv": 91.57, "instrument_name": "BTC-26MAR21-64000-C", "index_price": 56984.79, "direction": "buy", "amount": 1.0}, {"trade_seq": 6579, "trade_id": "138248664", "timestamp": 1616588220450, "tick_direction": 1, "price": 0.001, "mark_price": 0.0007675, "iv": 91.57, "instrument_name": "BTC-26MAR21-64000-C", "index_price": 56984.79, "direction": "buy", "amount": 1.4}, {"trade_seq": 6578, "trade_id": "138243849", "timestamp": 1616587334269, "tick_direction": 1, "price": 0.001, "mark_price": 0.00089888, "iv": 92.44, "instrument_name": "BTC-26MAR21-64000-C", "index_price": 56880.57, "direction": "buy", "amount": 0.3}, {"trade_seq": 6577, "trade_id": "138241213", "timestamp": 1616586723495, "tick_direction": 1, "price": 0.001, "mark_price": 0.00072194, "iv": 97.41, "instrument_name": "BTC-26MAR21-64000-C", "index_price": 56399.12, "direction": "buy", "amount": 0.3}, {"trade_seq": 6576, "trade_id": "138215720", "timestamp": 1616577526683, "tick_direction": 1, "price": 0.001, "mark_price": 0.00069837, "iv": 94.58, "instrument_name": "BTC-26MAR21-64000-C", "index_price": 56475.5, "direction": "buy", "amount": 6.2}, {"trade_seq": 6575, "trade_id": "138211330", "timestamp": 1616576669832, "tick_direction": 1, "price": 0.001, "mark_price": 0.00087434, "iv": 92.62, "instrument_name": "BTC-26MAR21-64000-C", "index_price": 56621.92, "direction": "buy", "amount": 0.2}, {"trade_seq": 6574, "trade_id": "138205070", "timestamp": 1616575470156, "tick_direction": 1, "price": 0.001, "mark_price": 0.00081779, "iv": 95.99, "instrument_name": "BTC-26MAR21-64000-C", "index_price": 56287.08, "direction": "buy", "amount": 0.3}, {"trade_seq": 6573, "trade_id": "138205062", "timestamp": 1616575469389, "tick_direction": 1, "price": 0.001, "mark_price": 0.00081641, "iv": 96.02, "instrument_name": "BTC-26MAR21-64000-C", "index_price": 56283.02, "direction": "buy", "amount": 0.1}, {"trade_seq": 6572, "trade_id": "138205035", "timestamp": 1616575468950, "tick_direction": 1, "price": 0.001, "mark_price": 0.0007999, "iv": 96.02, "instrument_name": "BTC-26MAR21-64000-C", "index_price": 56283.02, "direction": "buy", "amount": 0.1}, {"trade_seq": 6571, "trade_id": "138204915", "timestamp": 1616575466704, "tick_direction": 1, "price": 0.001, "mark_price": 0.00079591, "iv": 96.34, "instrument_name": "BTC-26MAR21-64000-C", "index_price": 56251.12, "direction": "buy", "amount": 0.2}, {"trade_seq": 6570, "trade_id": "138204891", "timestamp": 1616575465256, "tick_direction": 1, "price": 0.001, "mark_price": 0.00079065, "iv": 96.44, "instrument_name": "BTC-26MAR21-64000-C", "index_price": 56241.96, "direction": "buy", "amount": 0.1}, {"trade_seq": 6569, "trade_id": "138204840", "timestamp": 1616575461909, "tick_direction": 1, "price": 0.001, "mark_price": 0.00076301, "iv": 96.61, "instrument_name": "BTC-26MAR21-64000-C", "index_price": 56227.45, "direction": "buy", "amount": 0.1}, {"trade_seq": 6568, "trade_id": "138204614", "timestamp": 1616575439583, "tick_direction": 1, "price": 0.001, "mark_price": 0.00077247, "iv": 96.89, "instrument_name": "BTC-26MAR21-64000-C", "index_price": 56190.32, "direction": "buy", "amount": 0.1}, {"trade_seq": 6567, "trade_id": "138204584", "timestamp": 1616575438049, "tick_direction": 1, "price": 0.001, "mark_price": 0.00077123, "iv": 97.01, "instrument_name": "BTC-26MAR21-64000-C", "index_price": 56178.74, "direction": "buy", "amount": 0.1}, {"trade_seq": 6566, "trade_id": "138204583", "timestamp": 1616575437949, "tick_direction": 1, "price": 0.001, "mark_price": 0.00077186, "iv": 97.01, "instrument_name": "BTC-26MAR21-64000-C", "index_price": 56178.74, "direction": "buy", "amount": 0.1}, {"trade_seq": 6565, "trade_id": "138204525", "timestamp": 1616575418756, "tick_direction": 1, "price": 0.001, "mark_price": 0.0007442, "iv": 97.37, "instrument_name": "BTC-26MAR21-64000-C", "index_price": 56143.4, "direction": "buy", "amount": 0.1}, {"trade_seq": 6564, "trade_id": "138204524", "timestamp": 1616575418739, "tick_direction": 1, "price": 0.001, "mark_price": 0.0007442, "iv": 97.37, "instrument_name": "BTC-26MAR21-64000-C", "index_price": 56143.4, "direction": "buy", "amount": 0.1}, {"trade_seq": 6563, "trade_id": "138204521", "timestamp": 1616575418475, "tick_direction": 1, "price": 0.001, "mark_price": 0.0007442, "iv": 97.37, "instrument_name": "BTC-26MAR21-64000-C", "index_price": 56143.4, "direction": "buy", "amount": 0.1}, {"trade_seq": 6562, "trade_id": "138204499", "timestamp": 1616575418283, "tick_direction": 1, "price": 0.001, "mark_price": 0.0007442, "iv": 97.37, "instrument_name": "BTC-26MAR21-64000-C", "index_price": 56143.4, "direction": "buy", "amount": 0.1}, {"trade_seq": 6561, "trade_id": "138204493", "timestamp": 1616575418168, "tick_direction": 1, "price": 0.001, "mark_price": 0.0007442, "iv": 97.37, "instrument_name": "BTC-26MAR21-64000-C", "index_price": 56143.4, "direction": "buy", "amount": 0.4}, {"trade_seq": 6560, "trade_id": "138203865", "timestamp": 1616575194759, "tick_direction": 1, "price": 0.001, "mark_price": 0.00080484, "iv": 96.63, "instrument_name": "BTC-26MAR21-64000-C", "index_price": 56205.43, "direction": "buy", "amount": 0.1}, {"trade_seq": 6559, "trade_id": "138203856", "timestamp": 1616575194449, "tick_direction": 1, "price": 0.001, "mark_price": 0.00080112, "iv": 96.71, "instrument_name": "BTC-26MAR21-64000-C", "index_price": 56197.47, "direction": "buy", "amount": 0.2}, {"trade_seq": 6558, "trade_id": "138203855", "timestamp": 1616575194378, "tick_direction": 1, "price": 0.001, "mark_price": 0.00080112, "iv": 96.71, "instrument_name": "BTC-26MAR21-64000-C", "index_price": 56197.47, "direction": "buy", "amount": 0.1}, {"trade_seq": 6557, "trade_id": "138203828", "timestamp": 1616575193753, "tick_direction": 1, "price": 0.001, "mark_price": 0.00080112, "iv": 96.71, "instrument_name": "BTC-26MAR21-64000-C", "index_price": 56197.47, "direction": "buy", "amount": 0.1}, {"trade_seq": 6556, "trade_id": "138203786", "timestamp": 1616575179656, "tick_direction": 1, "price": 0.001, "mark_price": 0.00079041, "iv": 96.97, "instrument_name": "BTC-26MAR21-64000-C", "index_price": 56171.76, "direction": "buy", "amount": 0.2}, {"trade_seq": 6555, "trade_id": "138203682", "timestamp": 1616575174523, "tick_direction": 1, "price": 0.001, "mark_price": 0.00077243, "iv": 97.35, "instrument_name": "BTC-26MAR21-64000-C", "index_price": 56141.0, "direction": "buy", "amount": 0.5}, {"trade_seq": 6554, "trade_id": "138203680", "timestamp": 1616575174520, "tick_direction": 1, "price": 0.001, "mark_price": 0.00077243, "iv": 97.35, "instrument_name": "BTC-26MAR21-64000-C", "index_price": 56141.0, "direction": "buy", "amount": 0.1}, {"trade_seq": 6553, "trade_id": "138203679", "timestamp": 1616575174412, "tick_direction": 1, "price": 0.001, "mark_price": 0.00076567, "iv": 97.35, "instrument_name": "BTC-26MAR21-64000-C", "index_price": 56141.0, "direction": "buy", "amount": 0.3}, {"trade_seq": 6552, "trade_id": "138203678", "timestamp": 1616575174412, "tick_direction": 1, "price": 0.001, "mark_price": 0.00076567, "iv": 97.35, "instrument_name": "BTC-26MAR21-64000-C", "index_price": 56141.0, "direction": "buy", "amount": 0.2}, {"trade_seq": 6551, "trade_id": "138203659", "timestamp": 1616575173912, "tick_direction": 1, "price": 0.001, "mark_price": 0.00076567, "iv": 97.5, "instrument_name": "BTC-26MAR21-64000-C", "index_price": 56133.13, "direction": "buy", "amount": 0.1}, {"trade_seq": 6550, "trade_id": "138203651", "timestamp": 1616575173607, "tick_direction": 1, "price": 0.001, "mark_price": 0.00076567, "iv": 97.5, "instrument_name": "BTC-26MAR21-64000-C", "index_price": 56133.13, "direction": "buy", "amount": 0.1}, {"trade_seq": 6549, "trade_id": "138203639", "timestamp": 1616575173104, "tick_direction": 0, "price": 0.001, "mark_price": 0.00076248, "iv": 97.57, "instrument_name": "BTC-26MAR21-64000-C", "index_price": 56121.22, "direction": "buy", "amount": 0.1}, {"trade_seq": 6548, "trade_id": "138151559", "timestamp": 1616566159682, "tick_direction": 3, "price": 0.0005, "mark_price": 0.0006394, "iv": 106.45, "instrument_name": "BTC-26MAR21-64000-C", "index_price": 53841.25, "direction": "sell", "amount": 10.0}, {"trade_seq": 6547, "trade_id": "138139821", "timestamp": 1616562039019, "tick_direction": 3, "price": 0.0005, "mark_price": 0.00067267, "iv": 103.4, "instrument_name": "BTC-26MAR21-64000-C", "index_price": 54015.25, "direction": "sell", "amount": 20.3}, {"trade_seq": 6546, "trade_id": "138138181", "timestamp": 1616561386837, "tick_direction": 3, "price": 0.0005, "mark_price": 0.00068497, "iv": 101.57, "instrument_name": "BTC-26MAR21-64000-C", "index_price": 54221.44, "direction": "sell", "amount": 81.0}, {"trade_seq": 6545, "trade_id": "138136785", "timestamp": 1616560757998, "tick_direction": 3, "price": 0.0005, "mark_price": 0.00067092, "iv": 100.83, "instrument_name": "BTC-26MAR21-64000-C", "index_price": 54291.23, "direction": "sell", "amount": 0.5}, {"trade_seq": 6544, "trade_id": "138103209", "timestamp": 1616548262638, "tick_direction": 3, "price": 0.0005, "mark_price": 0.00071862, "iv": 102.03, "instrument_name": "BTC-26MAR21-64000-C", "index_price": 53741.57, "direction": "sell", "amount": 1.0}, {"trade_seq": 6543, "trade_id": "138097426", "timestamp": 1616546743629, "tick_direction": 3, "price": 0.0005, "mark_price": 0.00068774, "iv": 99.89, "instrument_name": "BTC-26MAR21-64000-C", "index_price": 53923.16, "direction": "sell", "amount": 1.0}, {"trade_seq": 6542, "trade_id": "138090396", "timestamp": 1616545492134, "tick_direction": 2, "price": 0.0005, "mark_price": 0.00064229, "iv": 99.49, "instrument_name": "BTC-26MAR21-64000-C", "index_price": 53929.41, "direction": "sell", "amount": 1.0}, {"trade_seq": 6541, "trade_id": "138067043", "timestamp": 1616536333356, "tick_direction": 1, "price": 0.001, "mark_price": 0.00090878, "iv": 101.01, "instrument_name": "BTC-26MAR21-64000-C", "index_price": 54683.5, "direction": "sell", "amount": 2.0}, {"trade_seq": 6540, "trade_id": "138065256", "timestamp": 1616535909041, "tick_direction": 1, "price": 0.001, "mark_price": 0.00077526, "iv": 102.38, "instrument_name": "BTC-26MAR21-64000-C", "index_price": 54508.09, "direction": "buy", "amount": 30.0}, {"trade_seq": 6539, "trade_id": "138065255", "timestamp": 1616535909041, "tick_direction": 1, "price": 0.001, "mark_price": 0.00077526, "iv": 102.38, "instrument_name": "BTC-26MAR21-64000-C", "index_price": 54508.09, "direction": "buy", "amount": 30.0}, {"trade_seq": 6538, "trade_id": "138027614", "timestamp": 1616524988403, "tick_direction": 1, "price": 0.001, "mark_price": 0.00072885, "iv": 88.68, "instrument_name": "BTC-26MAR21-64000-C", "index_price": 55760.92, "direction": "buy", "amount": 0.1}, {"trade_seq": 6537, "trade_id": "138027613", "timestamp": 1616524988403, "tick_direction": 1, "price": 0.001, "mark_price": 0.00072885, "iv": 88.68, "instrument_name": "BTC-26MAR21-64000-C", "index_price": 55760.92, "direction": "buy", "amount": 0.1}, {"trade_seq": 6536, "trade_id": "138027612", "timestamp": 1616524988403, "tick_direction": 1, "price": 0.001, "mark_price": 0.00072885, "iv": 88.68, "instrument_name": "BTC-26MAR21-64000-C", "index_price": 55760.92, "direction": "buy", "amount": 0.1}, {"trade_seq": 6535, "trade_id": "138027611", "timestamp": 1616524988403, "tick_direction": 1, "price": 0.001, "mark_price": 0.00072885, "iv": 88.68, "instrument_name": "BTC-26MAR21-64000-C", "index_price": 55760.92, "direction": "buy", "amount": 0.1}, {"trade_seq": 6534, "trade_id": "138027610", "timestamp": 1616524988403, "tick_direction": 1, "price": 0.001, "mark_price": 0.00072885, "iv": 88.68, "instrument_name": "BTC-26MAR21-64000-C", "index_price": 55760.92, "direction": "buy", "amount": 0.1}, {"trade_seq": 6533, "trade_id": "138027609", "timestamp": 1616524988403, "tick_direction": 1, "price": 0.001, "mark_price": 0.00072885, "iv": 88.68, "instrument_name": "BTC-26MAR21-64000-C", "index_price": 55760.92, "direction": "buy", "amount": 0.1}, {"trade_seq": 6532, "trade_id": "138027608", "timestamp": 1616524988403, "tick_direction": 0, "price": 0.001, "mark_price": 0.00072885, "iv": 88.68, "instrument_name": "BTC-26MAR21-64000-C", "index_price": 55760.92, "direction": "buy", "amount": 4.4}, {"trade_seq": 6531, "trade_id": "138022607", "timestamp": 1616522279891, "tick_direction": 2, "price": 0.0005, "mark_price": 0.00075785, "iv": 79.38, "instrument_name": "BTC-26MAR21-64000-C", "index_price": 55688.99, "direction": "sell", "amount": 4.0}, {"trade_seq": 6530, "trade_id": "138021066", "timestamp": 1616521068725, "tick_direction": 1, "price": 0.001, "mark_price": 0.00074691, "iv": 89.41, "instrument_name": "BTC-26MAR21-64000-C", "index_price": 55603.14, "direction": "buy", "amount": 0.1}, {"trade_seq": 6529, "trade_id": "138021054", "timestamp": 1616521053250, "tick_direction": 1, "price": 0.001, "mark_price": 0.00074818, "iv": 89.4, "instrument_name": "BTC-26MAR21-64000-C", "index_price": 55602.38, "direction": "buy", "amount": 0.1}, {"trade_seq": 6528, "trade_id": "138021053", "timestamp": 1616521053202, "tick_direction": 1, "price": 0.001, "mark_price": 0.00074818, "iv": 89.4, "instrument_name": "BTC-26MAR21-64000-C", "index_price": 55602.38, "direction": "buy", "amount": 0.1}, {"trade_seq": 6527, "trade_id": "138021052", "timestamp": 1616521053044, "tick_direction": 0, "price": 0.001, "mark_price": 0.00074818, "iv": 89.4, "instrument_name": "BTC-26MAR21-64000-C", "index_price": 55602.38, "direction": "buy", "amount": 0.3}, {"trade_seq": 6526, "trade_id": "138019319", "timestamp": 1616520522286, "tick_direction": 3, "price": 0.0005, "mark_price": 0.00084372, "iv": 79.59, "instrument_name": "BTC-26MAR21-64000-C", "index_price": 55638.26, "direction": "sell", "amount": 17.0}, {"trade_seq": 6525, "trade_id": "138019181", "timestamp": 1616520436164, "tick_direction": 3, "price": 0.0005, "mark_price": 0.00086542, "iv": 79.61, "instrument_name": "BTC-26MAR21-64000-C", "index_price": 55637.13, "direction": "sell", "amount": 19.4}, {"trade_seq": 6524, "trade_id": "138019180", "timestamp": 1616520436164, "tick_direction": 3, "price": 0.0005, "mark_price": 0.00086542, "iv": 79.61, "instrument_name": "BTC-26MAR21-64000-C", "index_price": 55637.13, "direction": "sell", "amount": 0.1}, {"trade_seq": 6523, "trade_id": "138019179", "timestamp": 1616520436164, "tick_direction": 3, "price": 0.0005, "mark_price": 0.00086542, "iv": 79.61, "instrument_name": "BTC-26MAR21-64000-C", "index_price": 55637.13, "direction": "sell", "amount": 0.1}, {"trade_seq": 6522, "trade_id": "138019178", "timestamp": 1616520436164, "tick_direction": 3, "price": 0.0005, "mark_price": 0.00086542, "iv": 79.61, "instrument_name": "BTC-26MAR21-64000-C", "index_price": 55637.13, "direction": "sell", "amount": 0.1}, {"trade_seq": 6521, "trade_id": "138019177", "timestamp": 1616520436164, "tick_direction": 3, "price": 0.0005, "mark_price": 0.00086542, "iv": 79.61, "instrument_name": "BTC-26MAR21-64000-C", "index_price": 55637.13, "direction": "sell", "amount": 0.1}, {"trade_seq": 6520, "trade_id": "138019176", "timestamp": 1616520436164, "tick_direction": 3, "price": 0.0005, "mark_price": 0.00086542, "iv": 79.61, "instrument_name": "BTC-26MAR21-64000-C", "index_price": 55637.13, "direction": "sell", "amount": 0.1}, {"trade_seq": 6519, "trade_id": "138019175", "timestamp": 1616520436164, "tick_direction": 2, "price": 0.0005, "mark_price": 0.00086542, "iv": 79.61, "instrument_name": "BTC-26MAR21-64000-C", "index_price": 55637.13, "direction": "sell", "amount": 0.1}, {"trade_seq": 6518, "trade_id": "137979069", "timestamp": 1616507469855, "tick_direction": 1, "price": 0.001, "mark_price": 0.00088669, "iv": 90.79, "instrument_name": "BTC-26MAR21-64000-C", "index_price": 55168.47, "direction": "buy", "amount": 0.4}, {"trade_seq": 6517, "trade_id": "137977746", "timestamp": 1616506987233, "tick_direction": 1, "price": 0.001, "mark_price": 0.00100506, "iv": 88.86, "instrument_name": "BTC-26MAR21-64000-C", "index_price": 55377.76, "direction": "sell", "amount": 0.1}, {"trade_seq": 6516, "trade_id": "137967044", "timestamp": 1616503273774, "tick_direction": 1, "price": 0.001, "mark_price": 0.00092919, "iv": 91.26, "instrument_name": "BTC-26MAR21-64000-C", "index_price": 55030.62, "direction": "sell", "amount": 0.5}, {"trade_seq": 6515, "trade_id": "137948300", "timestamp": 1616497604630, "tick_direction": 1, "price": 0.001, "mark_price": 0.00116822, "iv": 92.3, "instrument_name": "BTC-26MAR21-64000-C", "index_price": 54781.74, "direction": "sell", "amount": 0.1}, {"trade_seq": 6514, "trade_id": "137948277", "timestamp": 1616497574691, "tick_direction": 1, "price": 0.001, "mark_price": 0.00117164, "iv": 92.2, "instrument_name": "BTC-26MAR21-64000-C", "index_price": 54781.02, "direction": "sell", "amount": 0.1}, {"trade_seq": 6513, "trade_id": "137948273", "timestamp": 1616497574342, "tick_direction": 1, "price": 0.001, "mark_price": 0.00117244, "iv": 92.2, "instrument_name": "BTC-26MAR21-64000-C", "index_price": 54781.02, "direction": "sell", "amount": 0.1}, {"trade_seq": 6512, "trade_id": "137948263", "timestamp": 1616497573914, "tick_direction": 1, "price": 0.001, "mark_price": 0.00117244, "iv": 92.2, "instrument_name": "BTC-26MAR21-64000-C", "index_price": 54781.02, "direction": "sell", "amount": 0.1}, {"trade_seq": 6511, "trade_id": "137948259", "timestamp": 1616497571356, "tick_direction": 1, "price": 0.001, "mark_price": 0.00117255, "iv": 92.18, "instrument_name": "BTC-26MAR21-64000-C", "index_price": 54781.84, "direction": "sell", "amount": 0.1}, {"trade_seq": 6510, "trade_id": "137948168", "timestamp": 1616497497295, "tick_direction": 1, "price": 0.001, "mark_price": 0.00113081, "iv": 92.65, "instrument_name": "BTC-26MAR21-64000-C", "index_price": 54738.21, "direction": "sell", "amount": 0.1}, {"trade_seq": 6509, "trade_id": "137947682", "timestamp": 1616497059755, "tick_direction": 1, "price": 0.001, "mark_price": 0.00099414, "iv": 92.34, "instrument_name": "BTC-26MAR21-64000-C", "index_price": 54752.2, "direction": "sell", "amount": 0.1}, {"trade_seq": 6508, "trade_id": "137947681", "timestamp": 1616497057377, "tick_direction": 1, "price": 0.001, "mark_price": 0.00099211, "iv": 92.34, "instrument_name": "BTC-26MAR21-64000-C", "index_price": 54756.32, "direction": "sell", "amount": 0.1}, {"trade_seq": 6507, "trade_id": "137947645", "timestamp": 1616497005310, "tick_direction": 1, "price": 0.001, "mark_price": 0.0009661, "iv": 92.45, "instrument_name": "BTC-26MAR21-64000-C", "index_price": 54756.39, "direction": "sell", "amount": 0.2}, {"trade_seq": 6506, "trade_id": "137925440", "timestamp": 1616487068117, "tick_direction": 0, "price": 0.001, "mark_price": 0.00116807, "iv": 96.43, "instrument_name": "BTC-26MAR21-64000-C", "index_price": 54089.58, "direction": "sell", "amount": 0.1}, {"trade_seq": 6505, "trade_id": "137878607", "timestamp": 1616478078292, "tick_direction": 2, "price": 0.0005, "mark_price": 0.00088853, "iv": 91.19, "instrument_name": "BTC-26MAR21-64000-C", "index_price": 53345.44, "direction": "sell", "amount": 0.1}, {"trade_seq": 6504, "trade_id": "137876181", "timestamp": 1616477731662, "tick_direction": 3, "price": 0.001, "mark_price": 0.00087535, "iv": 101.32, "instrument_name": "BTC-26MAR21-64000-C", "index_price": 53343.24, "direction": "sell", "amount": 1.5}, {"trade_seq": 6503, "trade_id": "137875486", "timestamp": 1616477665500, "tick_direction": 3, "price": 0.001, "mark_price": 0.00095633, "iv": 99.5, "instrument_name": "BTC-26MAR21-64000-C", "index_price": 53558.83, "direction": "sell", "amount": 1.2}, {"trade_seq": 6502, "trade_id": "137867667", "timestamp": 1616477194804, "tick_direction": 3, "price": 0.001, "mark_price": 0.00066127, "iv": 102.83, "instrument_name": "BTC-26MAR21-64000-C", "index_price": 53187.85, "direction": "sell", "amount": 0.5}, {"trade_seq": 6501, "trade_id": "137858378", "timestamp": 1616476470033, "tick_direction": 3, "price": 0.001, "mark_price": 0.00115562, "iv": 94.31, "instrument_name": "BTC-26MAR21-64000-C", "index_price": 54119.84, "direction": "sell", "amount": 0.5}, {"trade_seq": 6500, "trade_id": "137858377", "timestamp": 1616476470033, "tick_direction": 3, "price": 0.001, "mark_price": 0.00115562, "iv": 94.31, "instrument_name": "BTC-26MAR21-64000-C", "index_price": 54119.84, "direction": "sell", "amount": 20.6}, {"trade_seq": 6499, "trade_id": "137858376", "timestamp": 1616476470033, "tick_direction": 3, "price": 0.001, "mark_price": 0.00115562, "iv": 94.31, "instrument_name": "BTC-26MAR21-64000-C", "index_price": 54119.84, "direction": "sell", "amount": 45.3}, {"trade_seq": 6498, "trade_id": "137858375", "timestamp": 1616476470033, "tick_direction": 3, "price": 0.001, "mark_price": 0.00115562, "iv": 94.31, "instrument_name": "BTC-26MAR21-64000-C", "index_price": 54119.84, "direction": "sell", "amount": 0.3}, {"trade_seq": 6497, "trade_id": "137858374", "timestamp": 1616476470033, "tick_direction": 2, "price": 0.001, "mark_price": 0.00115562, "iv": 94.31, "instrument_name": "BTC-26MAR21-64000-C", "index_price": 54119.84, "direction": "sell", "amount": 19.8}, {"trade_seq": 6496, "trade_id": "137857504", "timestamp": 1616476164122, "tick_direction": 0, "price": 0.0015, "mark_price": 0.00117328, "iv": 100.11, "instrument_name": "BTC-26MAR21-64000-C", "index_price": 54235.82, "direction": "buy", "amount": 10.0}, {"trade_seq": 6495, "trade_id": "137857083", "timestamp": 1616475960501, "tick_direction": 2, "price": 0.001, "mark_price": 0.00113584, "iv": 93.23, "instrument_name": "BTC-26MAR21-64000-C", "index_price": 54235.21, "direction": "sell", "amount": 0.2}, {"trade_seq": 6494, "trade_id": "137853051", "timestamp": 1616474195261, "tick_direction": 3, "price": 0.0015, "mark_price": 0.0011284, "iv": 100.53, "instrument_name": "BTC-26MAR21-64000-C", "index_price": 54129.5, "direction": "sell", "amount": 0.4}, {"trade_seq": 6493, "trade_id": "137853050", "timestamp": 1616474195259, "tick_direction": 3, "price": 0.0015, "mark_price": 0.0011284, "iv": 100.53, "instrument_name": "BTC-26MAR21-64000-C", "index_price": 54129.5, "direction": "buy", "amount": 0.1}, {"trade_seq": 6492, "trade_id": "137853049", "timestamp": 1616474195259, "tick_direction": 3, "price": 0.0015, "mark_price": 0.0011284, "iv": 100.53, "instrument_name": "BTC-26MAR21-64000-C", "index_price": 54129.5, "direction": "buy", "amount": 2.5}, {"trade_seq": 6491, "trade_id": "137831673", "timestamp": 1616465996167, "tick_direction": 3, "price": 0.0015, "mark_price": 0.00175362, "iv": 92.54, "instrument_name": "BTC-26MAR21-64000-C", "index_price": 54834.82, "direction": "sell", "amount": 0.3}, {"trade_seq": 6490, "trade_id": "137831588", "timestamp": 1616465943801, "tick_direction": 3, "price": 0.0015, "mark_price": 0.00178848, "iv": 92.21, "instrument_name": "BTC-26MAR21-64000-C", "index_price": 54887.51, "direction": "sell", "amount": 0.4}, {"trade_seq": 6489, "trade_id": "137828495", "timestamp": 1616464318325, "tick_direction": 3, "price": 0.0015, "mark_price": 0.00183541, "iv": 88.94, "instrument_name": "BTC-26MAR21-64000-C", "index_price": 55235.19, "direction": "sell", "amount": 0.1}, {"trade_seq": 6488, "trade_id": "137823172", "timestamp": 1616462213624, "tick_direction": 3, "price": 0.0015, "mark_price": 0.00185957, "iv": 93.37, "instrument_name": "BTC-26MAR21-64000-C", "index_price": 54683.42, "direction": "sell", "amount": 0.1}, {"trade_seq": 6487, "trade_id": "137823171", "timestamp": 1616462211037, "tick_direction": 2, "price": 0.0015, "mark_price": 0.00186138, "iv": 93.36, "instrument_name": "BTC-26MAR21-64000-C", "index_price": 54689.56, "direction": "sell", "amount": 0.1}, {"trade_seq": 6486, "trade_id": "137822651", "timestamp": 1616461759740, "tick_direction": 0, "price": 0.0025, "mark_price": 0.00187743, "iv": 102.64, "instrument_name": "BTC-26MAR21-64000-C", "index_price": 54734.54, "direction": "buy", "amount": 0.1}, {"trade_seq": 6485, "trade_id": "137816603", "timestamp": 1616459036128, "tick_direction": 2, "price": 0.002, "mark_price": 0.00161606, "iv": 98.66, "instrument_name": "BTC-26MAR21-64000-C", "index_price": 54613.35, "direction": "buy", "amount": 0.9}, {"trade_seq": 6484, "trade_id": "137808077", "timestamp": 1616456600383, "tick_direction": 1, "price": 0.0025, "mark_price": 0.00196024, "iv": 103.77, "instrument_name": "BTC-26MAR21-64000-C", "index_price": 54526.66, "direction": "buy", "amount": 12.0}, {"trade_seq": 6483, "trade_id": "137807683", "timestamp": 1616456388968, "tick_direction": 1, "price": 0.0025, "mark_price": 0.00196405, "iv": 104.0, "instrument_name": "BTC-26MAR21-64000-C", "index_price": 54507.26, "direction": "buy", "amount": 15.0}, {"trade_seq": 6482, "trade_id": "137807682", "timestamp": 1616456388968, "tick_direction": 0, "price": 0.0025, "mark_price": 0.00196405, "iv": 104.0, "instrument_name": "BTC-26MAR21-64000-C", "index_price": 54507.26, "direction": "buy", "amount": 5.0}, {"trade_seq": 6481, "trade_id": "137790165", "timestamp": 1616450927277, "tick_direction": 3, "price": 0.0015, "mark_price": 0.0017991, "iv": 95.83, "instrument_name": "BTC-26MAR21-64000-C", "index_price": 54185.98, "direction": "sell", "amount": 5.0}, {"trade_seq": 6480, "trade_id": "137790164", "timestamp": 1616450927277, "tick_direction": 2, "price": 0.0015, "mark_price": 0.0017991, "iv": 95.83, "instrument_name": "BTC-26MAR21-64000-C", "index_price": 54185.98, "direction": "sell", "amount": 5.0}, {"trade_seq": 6479, "trade_id": "137770618", "timestamp": 1616446812962, "tick_direction": 3, "price": 0.002, "mark_price": 0.00165401, "iv": 97.79, "instrument_name": "BTC-26MAR21-64000-C", "index_price": 54493.94, "direction": "sell", "amount": 2.5}, {"trade_seq": 6478, "trade_id": "137770173", "timestamp": 1616446715765, "tick_direction": 3, "price": 0.002, "mark_price": 0.0016888, "iv": 96.84, "instrument_name": "BTC-26MAR21-64000-C", "index_price": 54608.56, "direction": "sell", "amount": 0.1}, {"trade_seq": 6477, "trade_id": "137770171", "timestamp": 1616446715296, "tick_direction": 3, "price": 0.002, "mark_price": 0.0016888, "iv": 96.84, "instrument_name": "BTC-26MAR21-64000-C", "index_price": 54608.56, "direction": "sell", "amount": 0.1}, {"trade_seq": 6476, "trade_id": "137770163", "timestamp": 1616446714595, "tick_direction": 3, "price": 0.002, "mark_price": 0.00169494, "iv": 96.73, "instrument_name": "BTC-26MAR21-64000-C", "index_price": 54612.61, "direction": "sell", "amount": 0.1}, {"trade_seq": 6475, "trade_id": "137770162", "timestamp": 1616446714533, "tick_direction": 3, "price": 0.002, "mark_price": 0.00169494, "iv": 96.73, "instrument_name": "BTC-26MAR21-64000-C", "index_price": 54612.61, "direction": "sell", "amount": 0.1}, {"trade_seq": 6474, "trade_id": "137770160", "timestamp": 1616446713778, "tick_direction": 3, "price": 0.002, "mark_price": 0.00169696, "iv": 96.66, "instrument_name": "BTC-26MAR21-64000-C", "index_price": 54619.48, "direction": "sell", "amount": 0.1}, {"trade_seq": 6473, "trade_id": "137768221", "timestamp": 1616446366710, "tick_direction": 3, "price": 0.002, "mark_price": 0.00163794, "iv": 95.26, "instrument_name": "BTC-26MAR21-64000-C", "index_price": 54759.49, "direction": "buy", "amount": 2.0}, {"trade_seq": 6472, "trade_id": "137747505", "timestamp": 1616443890543, "tick_direction": 2, "price": 0.002, "mark_price": 0.00209539, "iv": 86.92, "instrument_name": "BTC-26MAR21-64000-C", "index_price": 55649.73, "direction": "sell", "amount": 1.0}, {"trade_seq": 6471, "trade_id": "137708794", "timestamp": 1616431126870, "tick_direction": 2, "price": 0.0025, "mark_price": 0.00249968, "iv": 83.07, "instrument_name": "BTC-26MAR21-64000-C", "index_price": 56330.29, "direction": "buy", "amount": 0.1}, {"trade_seq": 6470, "trade_id": "137703857", "timestamp": 1616430795381, "tick_direction": 3, "price": 0.003, "mark_price": 0.00304417, "iv": 83.35, "instrument_name": "BTC-26MAR21-64000-C", "index_price": 56702.51, "direction": "sell", "amount": 0.5}, {"trade_seq": 6469, "trade_id": "137703856", "timestamp": 1616430795381, "tick_direction": 3, "price": 0.003, "mark_price": 0.00304417, "iv": 83.35, "instrument_name": "BTC-26MAR21-64000-C", "index_price": 56702.51, "direction": "sell", "amount": 0.1}, {"trade_seq": 6468, "trade_id": "137703855", "timestamp": 1616430795381, "tick_direction": 2, "price": 0.003, "mark_price": 0.00304417, "iv": 83.35, "instrument_name": "BTC-26MAR21-64000-C", "index_price": 56702.51, "direction": "sell", "amount": 11.8}, {"trade_seq": 6467, "trade_id": "137692441", "timestamp": 1616425298493, "tick_direction": 1, "price": 0.0035, "mark_price": 0.003118, "iv": 83.06, "instrument_name": "BTC-26MAR21-64000-C", "index_price": 57001.84, "direction": "buy", "amount": 3.4}, {"trade_seq": 6466, "trade_id": "137692440", "timestamp": 1616425298493, "tick_direction": 1, "price": 0.0035, "mark_price": 0.003118, "iv": 83.06, "instrument_name": "BTC-26MAR21-64000-C", "index_price": 57001.84, "direction": "buy", "amount": 0.5}, {"trade_seq": 6465, "trade_id": "137692439", "timestamp": 1616425298493, "tick_direction": 0, "price": 0.0035, "mark_price": 0.003118, "iv": 83.06, "instrument_name": "BTC-26MAR21-64000-C", "index_price": 57001.84, "direction": "buy", "amount": 2.5}, {"trade_seq": 6464, "trade_id": "137687113", "timestamp": 1616423149159, "tick_direction": 3, "price": 0.003, "mark_price": 0.00285894, "iv": 81.53, "instrument_name": "BTC-26MAR21-64000-C", "index_price": 56817.06, "direction": "sell", "amount": 0.1}, {"trade_seq": 6463, "trade_id": "137687112", "timestamp": 1616423149029, "tick_direction": 3, "price": 0.003, "mark_price": 0.00285894, "iv": 81.51, "instrument_name": "BTC-26MAR21-64000-C", "index_price": 56817.06, "direction": "sell", "amount": 0.1}, {"trade_seq": 6462, "trade_id": "137687088", "timestamp": 1616423137147, "tick_direction": 3, "price": 0.003, "mark_price": 0.00287402, "iv": 81.35, "instrument_name": "BTC-26MAR21-64000-C", "index_price": 56840.75, "direction": "sell", "amount": 0.1}, {"trade_seq": 6461, "trade_id": "137678312", "timestamp": 1616420506652, "tick_direction": 3, "price": 0.003, "mark_price": 0.00264245, "iv": 82.78, "instrument_name": "BTC-26MAR21-64000-C", "index_price": 56616.41, "direction": "sell", "amount": 0.1}, {"trade_seq": 6460, "trade_id": "137678309", "timestamp": 1616420506642, "tick_direction": 3, "price": 0.003, "mark_price": 0.00264245, "iv": 82.78, "instrument_name": "BTC-26MAR21-64000-C", "index_price": 56616.41, "direction": "sell", "amount": 0.2}, {"trade_seq": 6459, "trade_id": "137678299", "timestamp": 1616420506505, "tick_direction": 3, "price": 0.003, "mark_price": 0.00264245, "iv": 82.78, "instrument_name": "BTC-26MAR21-64000-C", "index_price": 56616.41, "direction": "sell", "amount": 0.1}, {"trade_seq": 6458, "trade_id": "137678278", "timestamp": 1616420506336, "tick_direction": 3, "price": 0.003, "mark_price": 0.00264245, "iv": 82.78, "instrument_name": "BTC-26MAR21-64000-C", "index_price": 56616.41, "direction": "sell", "amount": 0.1}, {"trade_seq": 6457, "trade_id": "137678203", "timestamp": 1616420504936, "tick_direction": 3, "price": 0.003, "mark_price": 0.00266392, "iv": 82.61, "instrument_name": "BTC-26MAR21-64000-C", "index_price": 56621.96, "direction": "sell", "amount": 0.3}, {"trade_seq": 6456, "trade_id": "137678192", "timestamp": 1616420504681, "tick_direction": 3, "price": 0.003, "mark_price": 0.00266392, "iv": 82.62, "instrument_name": "BTC-26MAR21-64000-C", "index_price": 56633.14, "direction": "sell", "amount": 0.1}, {"trade_seq": 6455, "trade_id": "137678173", "timestamp": 1616420504469, "tick_direction": 3, "price": 0.003, "mark_price": 0.00266392, "iv": 82.62, "instrument_name": "BTC-26MAR21-64000-C", "index_price": 56633.14, "direction": "sell", "amount": 0.1}, {"trade_seq": 6454, "trade_id": "137678149", "timestamp": 1616420503387, "tick_direction": 3, "price": 0.003, "mark_price": 0.00267419, "iv": 82.6, "instrument_name": "BTC-26MAR21-64000-C", "index_price": 56631.69, "direction": "sell", "amount": 0.1}, {"trade_seq": 6453, "trade_id": "137678148", "timestamp": 1616420503332, "tick_direction": 3, "price": 0.003, "mark_price": 0.00267419, "iv": 82.6, "instrument_name": "BTC-26MAR21-64000-C", "index_price": 56631.69, "direction": "sell", "amount": 0.1}, {"trade_seq": 6452, "trade_id": "137678147", "timestamp": 1616420503216, "tick_direction": 3, "price": 0.003, "mark_price": 0.00267419, "iv": 82.6, "instrument_name": "BTC-26MAR21-64000-C", "index_price": 56631.69, "direction": "sell", "amount": 0.1}, {"trade_seq": 6451, "trade_id": "137678138", "timestamp": 1616420502559, "tick_direction": 3, "price": 0.003, "mark_price": 0.00268226, "iv": 82.47, "instrument_name": "BTC-26MAR21-64000-C", "index_price": 56639.1, "direction": "sell", "amount": 0.1}, {"trade_seq": 6450, "trade_id": "137678133", "timestamp": 1616420501627, "tick_direction": 3, "price": 0.003, "mark_price": 0.00268445, "iv": 82.45, "instrument_name": "BTC-26MAR21-64000-C", "index_price": 56644.18, "direction": "sell", "amount": 0.1}, {"trade_seq": 6449, "trade_id": "137678132", "timestamp": 1616420501534, "tick_direction": 3, "price": 0.003, "mark_price": 0.00268445, "iv": 82.45, "instrument_name": "BTC-26MAR21-64000-C", "index_price": 56644.18, "direction": "sell", "amount": 0.1}, {"trade_seq": 6448, "trade_id": "137678129", "timestamp": 1616420501411, "tick_direction": 3, "price": 0.003, "mark_price": 0.00268445, "iv": 82.45, "instrument_name": "BTC-26MAR21-64000-C", "index_price": 56644.18, "direction": "sell", "amount": 0.2}, {"trade_seq": 6447, "trade_id": "137678110", "timestamp": 1616420499656, "tick_direction": 3, "price": 0.003, "mark_price": 0.00269885, "iv": 82.34, "instrument_name": "BTC-26MAR21-64000-C", "index_price": 56656.03, "direction": "sell", "amount": 0.1}, {"trade_seq": 6446, "trade_id": "137678109", "timestamp": 1616420499618, "tick_direction": 3, "price": 0.003, "mark_price": 0.00269885, "iv": 82.34, "instrument_name": "BTC-26MAR21-64000-C", "index_price": 56656.03, "direction": "sell", "amount": 0.1}, {"trade_seq": 6445, "trade_id": "137678081", "timestamp": 1616420495568, "tick_direction": 3, "price": 0.003, "mark_price": 0.00270652, "iv": 82.26, "instrument_name": "BTC-26MAR21-64000-C", "index_price": 56667.17, "direction": "sell", "amount": 0.1}, {"trade_seq": 6444, "trade_id": "137678080", "timestamp": 1616420495527, "tick_direction": 3, "price": 0.003, "mark_price": 0.00270652, "iv": 82.26, "instrument_name": "BTC-26MAR21-64000-C", "index_price": 56667.17, "direction": "sell", "amount": 0.1}, {"trade_seq": 6443, "trade_id": "137678079", "timestamp": 1616420495481, "tick_direction": 3, "price": 0.003, "mark_price": 0.00270652, "iv": 82.26, "instrument_name": "BTC-26MAR21-64000-C", "index_price": 56667.17, "direction": "sell", "amount": 0.2}, {"trade_seq": 6442, "trade_id": "137678078", "timestamp": 1616420495427, "tick_direction": 3, "price": 0.003, "mark_price": 0.00270652, "iv": 82.26, "instrument_name": "BTC-26MAR21-64000-C", "index_price": 56667.17, "direction": "sell", "amount": 0.2}, {"trade_seq": 6441, "trade_id": "137678057", "timestamp": 1616420493204, "tick_direction": 3, "price": 0.003, "mark_price": 0.00271227, "iv": 82.21, "instrument_name": "BTC-26MAR21-64000-C", "index_price": 56676.18, "direction": "sell", "amount": 0.1}, {"trade_seq": 6440, "trade_id": "137678056", "timestamp": 1616420493068, "tick_direction": 3, "price": 0.003, "mark_price": 0.00271227, "iv": 82.21, "instrument_name": "BTC-26MAR21-64000-C", "index_price": 56676.18, "direction": "sell", "amount": 0.2}, {"trade_seq": 6439, "trade_id": "137678053", "timestamp": 1616420492969, "tick_direction": 3, "price": 0.003, "mark_price": 0.00272553, "iv": 82.21, "instrument_name": "BTC-26MAR21-64000-C", "index_price": 56676.18, "direction": "sell", "amount": 0.1}, {"trade_seq": 6438, "trade_id": "137678025", "timestamp": 1616420489518, "tick_direction": 3, "price": 0.003, "mark_price": 0.00274391, "iv": 81.97, "instrument_name": "BTC-26MAR21-64000-C", "index_price": 56699.48, "direction": "sell", "amount": 0.1}, {"trade_seq": 6437, "trade_id": "137678021", "timestamp": 1616420489253, "tick_direction": 3, "price": 0.003, "mark_price": 0.00274391, "iv": 81.97, "instrument_name": "BTC-26MAR21-64000-C", "index_price": 56699.48, "direction": "sell", "amount": 0.1}, {"trade_seq": 6436, "trade_id": "137678020", "timestamp": 1616420488974, "tick_direction": 3, "price": 0.003, "mark_price": 0.00276386, "iv": 81.97, "instrument_name": "BTC-26MAR21-64000-C", "index_price": 56699.48, "direction": "sell", "amount": 0.2}, {"trade_seq": 6435, "trade_id": "137678007", "timestamp": 1616420488774, "tick_direction": 3, "price": 0.003, "mark_price": 0.00276386, "iv": 81.82, "instrument_name": "BTC-26MAR21-64000-C", "index_price": 56716.11, "direction": "sell", "amount": 0.1}, {"trade_seq": 6434, "trade_id": "137678000", "timestamp": 1616420488477, "tick_direction": 3, "price": 0.003, "mark_price": 0.00276386, "iv": 81.82, "instrument_name": "BTC-26MAR21-64000-C", "index_price": 56716.11, "direction": "sell", "amount": 0.1}, {"trade_seq": 6433, "trade_id": "137677999", "timestamp": 1616420488431, "tick_direction": 3, "price": 0.003, "mark_price": 0.00276386, "iv": 81.82, "instrument_name": "BTC-26MAR21-64000-C", "index_price": 56716.11, "direction": "sell", "amount": 0.1}, {"trade_seq": 6432, "trade_id": "137677998", "timestamp": 1616420488425, "tick_direction": 3, "price": 0.003, "mark_price": 0.00276386, "iv": 81.82, "instrument_name": "BTC-26MAR21-64000-C", "index_price": 56716.11, "direction": "sell", "amount": 0.1}, {"trade_seq": 6431, "trade_id": "137677994", "timestamp": 1616420488286, "tick_direction": 3, "price": 0.003, "mark_price": 0.00276386, "iv": 81.82, "instrument_name": "BTC-26MAR21-64000-C", "index_price": 56716.11, "direction": "sell", "amount": 0.1}, {"trade_seq": 6430, "trade_id": "137677988", "timestamp": 1616420488150, "tick_direction": 3, "price": 0.003, "mark_price": 0.00276386, "iv": 81.82, "instrument_name": "BTC-26MAR21-64000-C", "index_price": 56716.11, "direction": "sell", "amount": 0.1}, {"trade_seq": 6429, "trade_id": "137677981", "timestamp": 1616420487893, "tick_direction": 3, "price": 0.003, "mark_price": 0.00277958, "iv": 81.82, "instrument_name": "BTC-26MAR21-64000-C", "index_price": 56716.11, "direction": "sell", "amount": 0.1}, {"trade_seq": 6428, "trade_id": "137677979", "timestamp": 1616420487885, "tick_direction": 3, "price": 0.003, "mark_price": 0.00277958, "iv": 81.82, "instrument_name": "BTC-26MAR21-64000-C", "index_price": 56716.11, "direction": "sell", "amount": 0.2}, {"trade_seq": 6427, "trade_id": "137677971", "timestamp": 1616420487727, "tick_direction": 3, "price": 0.003, "mark_price": 0.00277958, "iv": 81.71, "instrument_name": "BTC-26MAR21-64000-C", "index_price": 56728.86, "direction": "sell", "amount": 0.1}, {"trade_seq": 6426, "trade_id": "137677941", "timestamp": 1616420487246, "tick_direction": 3, "price": 0.003, "mark_price": 0.00277958, "iv": 81.71, "instrument_name": "BTC-26MAR21-64000-C", "index_price": 56728.86, "direction": "sell", "amount": 2.5}, {"trade_seq": 6425, "trade_id": "137677913", "timestamp": 1616420483321, "tick_direction": 3, "price": 0.003, "mark_price": 0.0028178, "iv": 81.43, "instrument_name": "BTC-26MAR21-64000-C", "index_price": 56749.8, "direction": "sell", "amount": 0.1}, {"trade_seq": 6424, "trade_id": "137677912", "timestamp": 1616420483263, "tick_direction": 3, "price": 0.003, "mark_price": 0.0028178, "iv": 81.43, "instrument_name": "BTC-26MAR21-64000-C", "index_price": 56749.8, "direction": "sell", "amount": 0.1}, {"trade_seq": 6423, "trade_id": "137677911", "timestamp": 1616420483231, "tick_direction": 3, "price": 0.003, "mark_price": 0.0028178, "iv": 81.43, "instrument_name": "BTC-26MAR21-64000-C", "index_price": 56749.8, "direction": "sell", "amount": 0.1}, {"trade_seq": 6422, "trade_id": "137677904", "timestamp": 1616420482843, "tick_direction": 3, "price": 0.003, "mark_price": 0.00280193, "iv": 81.43, "instrument_name": "BTC-26MAR21-64000-C", "index_price": 56749.8, "direction": "sell", "amount": 0.1}, {"trade_seq": 6421, "trade_id": "137677903", "timestamp": 1616420482811, "tick_direction": 3, "price": 0.003, "mark_price": 0.00280193, "iv": 81.43, "instrument_name": "BTC-26MAR21-64000-C", "index_price": 56749.8, "direction": "sell", "amount": 0.3}, {"trade_seq": 6420, "trade_id": "137677887", "timestamp": 1616420481366, "tick_direction": 3, "price": 0.003, "mark_price": 0.00280066, "iv": 81.53, "instrument_name": "BTC-26MAR21-64000-C", "index_price": 56749.39, "direction": "sell", "amount": 0.2}, {"trade_seq": 6419, "trade_id": "137677885", "timestamp": 1616420480542, "tick_direction": 3, "price": 0.003, "mark_price": 0.00281793, "iv": 81.41, "instrument_name": "BTC-26MAR21-64000-C", "index_price": 56762.37, "direction": "sell", "amount": 0.1}, {"trade_seq": 6418, "trade_id": "137677501", "timestamp": 1616420446512, "tick_direction": 3, "price": 0.003, "mark_price": 0.00264969, "iv": 82.44, "instrument_name": "BTC-26MAR21-64000-C", "index_price": 56669.97, "direction": "sell", "amount": 25.0}, {"trade_seq": 6417, "trade_id": "137668961", "timestamp": 1616417414198, "tick_direction": 2, "price": 0.003, "mark_price": 0.00292512, "iv": 79.38, "instrument_name": "BTC-26MAR21-64000-C", "index_price": 56930.23, "direction": "sell", "amount": 25.0}, {"trade_seq": 6416, "trade_id": "137660166", "timestamp": 1616414233472, "tick_direction": 2, "price": 0.0035, "mark_price": 0.00370804, "iv": 74.3, "instrument_name": "BTC-26MAR21-64000-C", "index_price": 57723.5, "direction": "buy", "amount": 0.1}, {"trade_seq": 6415, "trade_id": "137656304", "timestamp": 1616411931992, "tick_direction": 1, "price": 0.004, "mark_price": 0.0042374, "iv": 74.14, "instrument_name": "BTC-26MAR21-64000-C", "index_price": 58024.79, "direction": "sell", "amount": 1.0}, {"trade_seq": 6414, "trade_id": "137651949", "timestamp": 1616409442833, "tick_direction": 1, "price": 0.004, "mark_price": 0.00428587, "iv": 73.24, "instrument_name": "BTC-26MAR21-64000-C", "index_price": 58082.88, "direction": "sell", "amount": 0.1}, {"trade_seq": 6413, "trade_id": "137648067", "timestamp": 1616408274782, "tick_direction": 1, "price": 0.004, "mark_price": 0.00504192, "iv": 70.4, "instrument_name": "BTC-26MAR21-64000-C", "index_price": 58407.48, "direction": "sell", "amount": 18.8}, {"trade_seq": 6412, "trade_id": "137648066", "timestamp": 1616408274782, "tick_direction": 1, "price": 0.004, "mark_price": 0.00504192, "iv": 70.4, "instrument_name": "BTC-26MAR21-64000-C", "index_price": 58407.48, "direction": "sell", "amount": 1.2}, {"trade_seq": 6411, "trade_id": "137645010", "timestamp": 1616408088125, "tick_direction": 0, "price": 0.004, "mark_price": 0.00440098, "iv": 73.68, "instrument_name": "BTC-26MAR21-64000-C", "index_price": 58036.18, "direction": "sell", "amount": 0.1}, {"trade_seq": 6410, "trade_id": "137641540", "timestamp": 1616407525003, "tick_direction": 2, "price": 0.0035, "mark_price": 0.00378178, "iv": 75.59, "instrument_name": "BTC-26MAR21-64000-C", "index_price": 57521.48, "direction": "sell", "amount": 2.5}, {"trade_seq": 6409, "trade_id": "137640982", "timestamp": 1616407325129, "tick_direction": 1, "price": 0.004, "mark_price": 0.00339095, "iv": 79.97, "instrument_name": "BTC-26MAR21-64000-C", "index_price": 57346.08, "direction": "buy", "amount": 1.1}, {"trade_seq": 6408, "trade_id": "137640981", "timestamp": 1616407325129, "tick_direction": 0, "price": 0.004, "mark_price": 0.00339095, "iv": 79.97, "instrument_name": "BTC-26MAR21-64000-C", "index_price": 57346.08, "direction": "buy", "amount": 0.9}, {"trade_seq": 6407, "trade_id": "137640761", "timestamp": 1616407245937, "tick_direction": 3, "price": 0.0035, "mark_price": 0.00336207, "iv": 77.08, "instrument_name": "BTC-26MAR21-64000-C", "index_price": 57359.89, "direction": "buy", "amount": 0.5}, {"trade_seq": 6406, "trade_id": "137621187", "timestamp": 1616395662038, "tick_direction": 2, "price": 0.0035, "mark_price": 0.00389494, "iv": 71.04, "instrument_name": "BTC-26MAR21-64000-C", "index_price": 57869.81, "direction": "buy", "amount": 2.0}, {"trade_seq": 6405, "trade_id": "137617225", "timestamp": 1616392217101, "tick_direction": 1, "price": 0.004, "mark_price": 0.00408175, "iv": 74.62, "instrument_name": "BTC-26MAR21-64000-C", "index_price": 57693.64, "direction": "buy", "amount": 0.1}, {"trade_seq": 6404, "trade_id": "137617224", "timestamp": 1616392216907, "tick_direction": 1, "price": 0.004, "mark_price": 0.00408175, "iv": 74.62, "instrument_name": "BTC-26MAR21-64000-C", "index_price": 57693.64, "direction": "buy", "amount": 0.2}, {"trade_seq": 6403, "trade_id": "137617217", "timestamp": 1616392215456, "tick_direction": 1, "price": 0.004, "mark_price": 0.00407039, "iv": 74.68, "instrument_name": "BTC-26MAR21-64000-C", "index_price": 57685.08, "direction": "buy", "amount": 0.1}, {"trade_seq": 6402, "trade_id": "137617216", "timestamp": 1616392215417, "tick_direction": 1, "price": 0.004, "mark_price": 0.00407039, "iv": 74.68, "instrument_name": "BTC-26MAR21-64000-C", "index_price": 57685.08, "direction": "buy", "amount": 0.2}, {"trade_seq": 6401, "trade_id": "137617212", "timestamp": 1616392215366, "tick_direction": 1, "price": 0.004, "mark_price": 0.00407039, "iv": 74.68, "instrument_name": "BTC-26MAR21-64000-C", "index_price": 57685.08, "direction": "buy", "amount": 0.2}, {"trade_seq": 6400, "trade_id": "137617211", "timestamp": 1616392215176, "tick_direction": 0, "price": 0.004, "mark_price": 0.00407039, "iv": 74.68, "instrument_name": "BTC-26MAR21-64000-C", "index_price": 57685.08, "direction": "buy", "amount": 0.1}, {"trade_seq": 6399, "trade_id": "137614867", "timestamp": 1616389910439, "tick_direction": 3, "price": 0.0035, "mark_price": 0.00384596, "iv": 74.08, "instrument_name": "BTC-26MAR21-64000-C", "index_price": 57464.35, "direction": "sell", "amount": 0.4}, {"trade_seq": 6398, "trade_id": "137614866", "timestamp": 1616389910439, "tick_direction": 3, "price": 0.0035, "mark_price": 0.00384596, "iv": 74.08, "instrument_name": "BTC-26MAR21-64000-C", "index_price": 57464.35, "direction": "sell", "amount": 0.3}, {"trade_seq": 6397, "trade_id": "137614865", "timestamp": 1616389910439, "tick_direction": 2, "price": 0.0035, "mark_price": 0.00384596, "iv": 74.08, "instrument_name": "BTC-26MAR21-64000-C", "index_price": 57464.35, "direction": "sell", "amount": 0.3}, {"trade_seq": 6396, "trade_id": "137614721", "timestamp": 1616389718259, "tick_direction": 1, "price": 0.004, "mark_price": 0.00388768, "iv": 76.77, "instrument_name": "BTC-26MAR21-64000-C", "index_price": 57451.88, "direction": "sell", "amount": 0.1}, {"trade_seq": 6395, "trade_id": "137614587", "timestamp": 1616389575471, "tick_direction": 1, "price": 0.004, "mark_price": 0.00385342, "iv": 76.43, "instrument_name": "BTC-26MAR21-64000-C", "index_price": 57478.45, "direction": "sell", "amount": 0.9}, {"trade_seq": 6394, "trade_id": "137605197", "timestamp": 1616382903336, "tick_direction": 1, "price": 0.004, "mark_price": 0.00386171, "iv": 77.78, "instrument_name": "BTC-26MAR21-64000-C", "index_price": 57245.39, "direction": "sell", "amount": 0.1}, {"trade_seq": 6393, "trade_id": "137605196", "timestamp": 1616382900893, "tick_direction": 1, "price": 0.004, "mark_price": 0.00387298, "iv": 77.72, "instrument_name": "BTC-26MAR21-64000-C", "index_price": 57253.48, "direction": "sell", "amount": 0.1}, {"trade_seq": 6392, "trade_id": "137605194", "timestamp": 1616382896210, "tick_direction": 1, "price": 0.004, "mark_price": 0.00388897, "iv": 77.7, "instrument_name": "BTC-26MAR21-64000-C", "index_price": 57258.66, "direction": "sell", "amount": 0.1}, {"trade_seq": 6391, "trade_id": "137605193", "timestamp": 1616382895480, "tick_direction": 1, "price": 0.004, "mark_price": 0.00389446, "iv": 77.62, "instrument_name": "BTC-26MAR21-64000-C", "index_price": 57263.09, "direction": "sell", "amount": 0.1}, {"trade_seq": 6390, "trade_id": "137605156", "timestamp": 1616382891865, "tick_direction": 1, "price": 0.004, "mark_price": 0.00389213, "iv": 77.59, "instrument_name": "BTC-26MAR21-64000-C", "index_price": 57269.34, "direction": "sell", "amount": 0.1}, {"trade_seq": 6389, "trade_id": "137605155", "timestamp": 1616382891828, "tick_direction": 1, "price": 0.004, "mark_price": 0.00389213, "iv": 77.59, "instrument_name": "BTC-26MAR21-64000-C", "index_price": 57269.34, "direction": "sell", "amount": 0.1}, {"trade_seq": 6388, "trade_id": "137605154", "timestamp": 1616382891791, "tick_direction": 1, "price": 0.004, "mark_price": 0.00389213, "iv": 77.59, "instrument_name": "BTC-26MAR21-64000-C", "index_price": 57269.34, "direction": "sell", "amount": 0.1}, {"trade_seq": 6387, "trade_id": "137605153", "timestamp": 1616382891774, "tick_direction": 1, "price": 0.004, "mark_price": 0.00389213, "iv": 77.59, "instrument_name": "BTC-26MAR21-64000-C", "index_price": 57269.34, "direction": "sell", "amount": 0.8}, {"trade_seq": 6386, "trade_id": "137600827", "timestamp": 1616379916791, "tick_direction": 0, "price": 0.004, "mark_price": 0.00379415, "iv": 80.37, "instrument_name": "BTC-26MAR21-64000-C", "index_price": 56928.73, "direction": "sell", "amount": 1.0}, {"trade_seq": 6385, "trade_id": "137595494", "timestamp": 1616376685407, "tick_direction": 3, "price": 0.0035, "mark_price": 0.00342804, "iv": 81.49, "instrument_name": "BTC-26MAR21-64000-C", "index_price": 56396.98, "direction": "buy", "amount": 0.1}, {"trade_seq": 6384, "trade_id": "137595493", "timestamp": 1616376685352, "tick_direction": 3, "price": 0.0035, "mark_price": 0.00342804, "iv": 81.49, "instrument_name": "BTC-26MAR21-64000-C", "index_price": 56396.98, "direction": "buy", "amount": 0.1}, {"trade_seq": 6383, "trade_id": "137595492", "timestamp": 1616376685021, "tick_direction": 3, "price": 0.0035, "mark_price": 0.00342767, "iv": 81.49, "instrument_name": "BTC-26MAR21-64000-C", "index_price": 56397.18, "direction": "buy", "amount": 0.4}, {"trade_seq": 6382, "trade_id": "137595491", "timestamp": 1616376684988, "tick_direction": 3, "price": 0.0035, "mark_price": 0.00342767, "iv": 81.49, "instrument_name": "BTC-26MAR21-64000-C", "index_price": 56397.18, "direction": "buy", "amount": 1.1}, {"trade_seq": 6381, "trade_id": "137588109", "timestamp": 1616374145325, "tick_direction": 3, "price": 0.0035, "mark_price": 0.00361456, "iv": 79.83, "instrument_name": "BTC-26MAR21-64000-C", "index_price": 56558.98, "direction": "buy", "amount": 0.5}, {"trade_seq": 6380, "trade_id": "137588108", "timestamp": 1616374145301, "tick_direction": 2, "price": 0.0035, "mark_price": 0.00361456, "iv": 79.83, "instrument_name": "BTC-26MAR21-64000-C", "index_price": 56558.98, "direction": "sell", "amount": 24.5}, {"trade_seq": 6379, "trade_id": "137586392", "timestamp": 1616373858166, "tick_direction": 2, "price": 0.004, "mark_price": 0.00389139, "iv": 81.05, "instrument_name": "BTC-26MAR21-64000-C", "index_price": 56716.47, "direction": "sell", "amount": 0.1}, {"trade_seq": 6378, "trade_id": "137581092", "timestamp": 1616372306242, "tick_direction": 1, "price": 0.005, "mark_price": 0.00474524, "iv": 80.91, "instrument_name": "BTC-26MAR21-64000-C", "index_price": 57256.44, "direction": "buy", "amount": 0.3}, {"trade_seq": 6377, "trade_id": "137581091", "timestamp": 1616372306198, "tick_direction": 1, "price": 0.005, "mark_price": 0.00474524, "iv": 80.91, "instrument_name": "BTC-26MAR21-64000-C", "index_price": 57256.44, "direction": "buy", "amount": 1.1}, {"trade_seq": 6376, "trade_id": "137581051", "timestamp": 1616372287735, "tick_direction": 1, "price": 0.005, "mark_price": 0.00478566, "iv": 80.59, "instrument_name": "BTC-26MAR21-64000-C", "index_price": 57282.9, "direction": "buy", "amount": 0.1}, {"trade_seq": 6375, "trade_id": "137581050", "timestamp": 1616372287648, "tick_direction": 1, "price": 0.005, "mark_price": 0.00478566, "iv": 80.59, "instrument_name": "BTC-26MAR21-64000-C", "index_price": 57282.9, "direction": "buy", "amount": 0.3}, {"trade_seq": 6374, "trade_id": "137581049", "timestamp": 1616372287598, "tick_direction": 1, "price": 0.005, "mark_price": 0.00478566, "iv": 80.59, "instrument_name": "BTC-26MAR21-64000-C", "index_price": 57282.9, "direction": "buy", "amount": 0.7}, {"trade_seq": 6373, "trade_id": "137567440", "timestamp": 1616366685072, "tick_direction": 1, "price": 0.005, "mark_price": 0.00501993, "iv": 76.41, "instrument_name": "BTC-26MAR21-64000-C", "index_price": 57757.61, "direction": "sell", "amount": 0.1}, {"trade_seq": 6372, "trade_id": "137566565", "timestamp": 1616366045467, "tick_direction": 0, "price": 0.005, "mark_price": 0.00513689, "iv": 75.62, "instrument_name": "BTC-26MAR21-64000-C", "index_price": 57793.4, "direction": "sell", "amount": 2.0}, {"trade_seq": 6371, "trade_id": "137566260", "timestamp": 1616365725004, "tick_direction": 2, "price": 0.0001, "mark_price": 0.00498903, "iv": 37.01, "instrument_name": "BTC-26MAR21-64000-C", "index_price": 57766.87, "direction": "sell", "block_trade_id": "9594", "amount": 6.0}, {"trade_seq": 6370, "trade_id": "137542458", "timestamp": 1616348345466, "tick_direction": 0, "price": 0.0045, "mark_price": 0.00407178, "iv": 76.33, "instrument_name": "BTC-26MAR21-64000-C", "index_price": 57284.86, "direction": "buy", "amount": 1.0}, {"trade_seq": 6369, "trade_id": "137532289", "timestamp": 1616342515687, "tick_direction": 3, "price": 0.004, "mark_price": 0.00455001, "iv": 75.14, "instrument_name": "BTC-26MAR21-64000-C", "index_price": 57078.42, "direction": "sell", "amount": 0.1}, {"trade_seq": 6368, "trade_id": "137532288", "timestamp": 1616342515591, "tick_direction": 3, "price": 0.004, "mark_price": 0.00455001, "iv": 75.14, "instrument_name": "BTC-26MAR21-64000-C", "index_price": 57078.42, "direction": "sell", "amount": 0.3}, {"trade_seq": 6367, "trade_id": "137532287", "timestamp": 1616342515422, "tick_direction": 3, "price": 0.004, "mark_price": 0.00455001, "iv": 75.14, "instrument_name": "BTC-26MAR21-64000-C", "index_price": 57078.42, "direction": "sell", "amount": 0.1}, {"trade_seq": 6366, "trade_id": "137532170", "timestamp": 1616342502458, "tick_direction": 3, "price": 0.004, "mark_price": 0.00458652, "iv": 74.96, "instrument_name": "BTC-26MAR21-64000-C", "index_price": 57107.56, "direction": "sell", "amount": 0.1}, {"trade_seq": 6365, "trade_id": "137532169", "timestamp": 1616342502283, "tick_direction": 3, "price": 0.004, "mark_price": 0.00458652, "iv": 74.96, "instrument_name": "BTC-26MAR21-64000-C", "index_price": 57107.56, "direction": "sell", "amount": 0.1}, {"trade_seq": 6364, "trade_id": "137532168", "timestamp": 1616342502101, "tick_direction": 3, "price": 0.004, "mark_price": 0.00458652, "iv": 74.96, "instrument_name": "BTC-26MAR21-64000-C", "index_price": 57107.56, "direction": "sell", "amount": 0.1}, {"trade_seq": 6363, "trade_id": "137532155", "timestamp": 1616342501616, "tick_direction": 3, "price": 0.004, "mark_price": 0.00459553, "iv": 74.95, "instrument_name": "BTC-26MAR21-64000-C", "index_price": 57109.75, "direction": "sell", "amount": 0.1}, {"trade_seq": 6362, "trade_id": "137532146", "timestamp": 1616342493101, "tick_direction": 2, "price": 0.004, "mark_price": 0.00461324, "iv": 74.83, "instrument_name": "BTC-26MAR21-64000-C", "index_price": 57122.34, "direction": "sell", "amount": 0.1}, {"trade_seq": 6361, "trade_id": "137531705", "timestamp": 1616342289383, "tick_direction": 3, "price": 0.0045, "mark_price": 0.00490146, "iv": 76.25, "instrument_name": "BTC-26MAR21-64000-C", "index_price": 57249.72, "direction": "sell", "amount": 0.1}, {"trade_seq": 6360, "trade_id": "137531704", "timestamp": 1616342289328, "tick_direction": 3, "price": 0.0045, "mark_price": 0.00490146, "iv": 76.25, "instrument_name": "BTC-26MAR21-64000-C", "index_price": 57249.72, "direction": "sell", "amount": 0.2}, {"trade_seq": 6359, "trade_id": "137531700", "timestamp": 1616342286890, "tick_direction": 3, "price": 0.0045, "mark_price": 0.00489668, "iv": 76.27, "instrument_name": "BTC-26MAR21-64000-C", "index_price": 57249.42, "direction": "sell", "amount": 0.1}, {"trade_seq": 6358, "trade_id": "137531699", "timestamp": 1616342286890, "tick_direction": 3, "price": 0.0045, "mark_price": 0.00489668, "iv": 76.27, "instrument_name": "BTC-26MAR21-64000-C", "index_price": 57249.42, "direction": "sell", "amount": 0.2}, {"trade_seq": 6357, "trade_id": "137531680", "timestamp": 1616342282096, "tick_direction": 3, "price": 0.0045, "mark_price": 0.00484926, "iv": 76.47, "instrument_name": "BTC-26MAR21-64000-C", "index_price": 57230.16, "direction": "sell", "amount": 0.1}, {"trade_seq": 6356, "trade_id": "137531679", "timestamp": 1616342282013, "tick_direction": 3, "price": 0.0045, "mark_price": 0.00484926, "iv": 76.47, "instrument_name": "BTC-26MAR21-64000-C", "index_price": 57230.16, "direction": "sell", "amount": 0.2}, {"trade_seq": 6355, "trade_id": "137531675", "timestamp": 1616342279745, "tick_direction": 3, "price": 0.0045, "mark_price": 0.00483853, "iv": 76.52, "instrument_name": "BTC-26MAR21-64000-C", "index_price": 57226.6, "direction": "sell", "amount": 0.1}, {"trade_seq": 6354, "trade_id": "137531668", "timestamp": 1616342277521, "tick_direction": 3, "price": 0.0045, "mark_price": 0.0048111, "iv": 76.61, "instrument_name": "BTC-26MAR21-64000-C", "index_price": 57220.53, "direction": "sell", "amount": 0.1}, {"trade_seq": 6353, "trade_id": "137531667", "timestamp": 1616342277474, "tick_direction": 3, "price": 0.0045, "mark_price": 0.0048111, "iv": 76.61, "instrument_name": "BTC-26MAR21-64000-C", "index_price": 57220.53, "direction": "sell", "amount": 0.1}, {"trade_seq": 6352, "trade_id": "137531666", "timestamp": 1616342277408, "tick_direction": 3, "price": 0.0045, "mark_price": 0.0048111, "iv": 76.61, "instrument_name": "BTC-26MAR21-64000-C", "index_price": 57220.53, "direction": "sell", "amount": 0.4}, {"trade_seq": 6351, "trade_id": "137531661", "timestamp": 1616342276182, "tick_direction": 3, "price": 0.0045, "mark_price": 0.00480769, "iv": 76.65, "instrument_name": "BTC-26MAR21-64000-C", "index_price": 57217.02, "direction": "sell", "amount": 0.1}, {"trade_seq": 6350, "trade_id": "137531660", "timestamp": 1616342276134, "tick_direction": 3, "price": 0.0045, "mark_price": 0.00480769, "iv": 76.65, "instrument_name": "BTC-26MAR21-64000-C", "index_price": 57217.02, "direction": "sell", "amount": 0.1}, {"trade_seq": 6349, "trade_id": "137531659", "timestamp": 1616342276081, "tick_direction": 3, "price": 0.0045, "mark_price": 0.00480769, "iv": 76.65, "instrument_name": "BTC-26MAR21-64000-C", "index_price": 57217.02, "direction": "sell", "amount": 0.2}, {"trade_seq": 6348, "trade_id": "137531531", "timestamp": 1616342113948, "tick_direction": 2, "price": 0.0045, "mark_price": 0.00462315, "iv": 77.13, "instrument_name": "BTC-26MAR21-64000-C", "index_price": 57149.53, "direction": "sell", "amount": 0.1}, {"trade_seq": 6347, "trade_id": "137522149", "timestamp": 1616336158386, "tick_direction": 1, "price": 0.0055, "mark_price": 0.00549134, "iv": 79.63, "instrument_name": "BTC-26MAR21-64000-C", "index_price": 57326.63, "direction": "sell", "amount": 0.2}, {"trade_seq": 6346, "trade_id": "137522148", "timestamp": 1616336158319, "tick_direction": 1, "price": 0.0055, "mark_price": 0.00549134, "iv": 79.63, "instrument_name": "BTC-26MAR21-64000-C", "index_price": 57326.31, "direction": "sell", "amount": 0.1}, {"trade_seq": 6345, "trade_id": "137522146", "timestamp": 1616336158304, "tick_direction": 0, "price": 0.0055, "mark_price": 0.00549134, "iv": 79.63, "instrument_name": "BTC-26MAR21-64000-C", "index_price": 57326.31, "direction": "buy", "amount": 0.5}, {"trade_seq": 6344, "trade_id": "137518881", "timestamp": 1616335055023, "tick_direction": 3, "price": 0.005, "mark_price": 0.00533192, "iv": 80.3, "instrument_name": "BTC-26MAR21-64000-C", "index_price": 56990.23, "direction": "sell", "amount": 0.1}, {"trade_seq": 6343, "trade_id": "137518880", "timestamp": 1616335054945, "tick_direction": 3, "price": 0.005, "mark_price": 0.00533192, "iv": 80.3, "instrument_name": "BTC-26MAR21-64000-C", "index_price": 56990.23, "direction": "sell", "amount": 0.2}, {"trade_seq": 6342, "trade_id": "137518879", "timestamp": 1616335053014, "tick_direction": 3, "price": 0.005, "mark_price": 0.00533843, "iv": 80.27, "instrument_name": "BTC-26MAR21-64000-C", "index_price": 56994.88, "direction": "sell", "amount": 0.2}, {"trade_seq": 6341, "trade_id": "137518877", "timestamp": 1616335051060, "tick_direction": 3, "price": 0.005, "mark_price": 0.00537186, "iv": 80.12, "instrument_name": "BTC-26MAR21-64000-C", "index_price": 56995.67, "direction": "sell", "amount": 0.1}, {"trade_seq": 6340, "trade_id": "137518876", "timestamp": 1616335051007, "tick_direction": 3, "price": 0.005, "mark_price": 0.00537186, "iv": 80.12, "instrument_name": "BTC-26MAR21-64000-C", "index_price": 56995.67, "direction": "sell", "amount": 0.1}, {"trade_seq": 6339, "trade_id": "137518840", "timestamp": 1616335048892, "tick_direction": 3, "price": 0.005, "mark_price": 0.00538083, "iv": 80.08, "instrument_name": "BTC-26MAR21-64000-C", "index_price": 57010.21, "direction": "sell", "amount": 0.1}, {"trade_seq": 6338, "trade_id": "137518839", "timestamp": 1616335048858, "tick_direction": 3, "price": 0.005, "mark_price": 0.00538083, "iv": 80.08, "instrument_name": "BTC-26MAR21-64000-C", "index_price": 57010.21, "direction": "sell", "amount": 0.1}, {"trade_seq": 6337, "trade_id": "137518790", "timestamp": 1616335047717, "tick_direction": 2, "price": 0.005, "mark_price": 0.00549256, "iv": 79.6, "instrument_name": "BTC-26MAR21-64000-C", "index_price": 57024.69, "direction": "sell", "amount": 0.1}, {"trade_seq": 6336, "trade_id": "137493405", "timestamp": 1616324381562, "tick_direction": 1, "price": 0.0055, "mark_price": 0.00464725, "iv": 88.37, "instrument_name": "BTC-26MAR21-64000-C", "index_price": 56201.2, "direction": "buy", "amount": 16.7}, {"trade_seq": 6335, "trade_id": "137493404", "timestamp": 1616324381562, "tick_direction": 1, "price": 0.0055, "mark_price": 0.00464725, "iv": 88.37, "instrument_name": "BTC-26MAR21-64000-C", "index_price": 56201.2, "direction": "buy", "amount": 0.1}, {"trade_seq": 6334, "trade_id": "137493403", "timestamp": 1616324381562, "tick_direction": 0, "price": 0.0055, "mark_price": 0.00464725, "iv": 88.37, "instrument_name": "BTC-26MAR21-64000-C", "index_price": 56201.2, "direction": "buy", "amount": 3.2}, {"trade_seq": 6333, "trade_id": "137488640", "timestamp": 1616321939454, "tick_direction": 2, "price": 0.004, "mark_price": 0.00443687, "iv": 80.58, "instrument_name": "BTC-26MAR21-64000-C", "index_price": 56253.86, "direction": "sell", "amount": 0.8}, {"trade_seq": 6332, "trade_id": "137488639", "timestamp": 1616321939132, "tick_direction": 0, "price": 0.0045, "mark_price": 0.00443687, "iv": 83.06, "instrument_name": "BTC-26MAR21-64000-C", "index_price": 56253.86, "direction": "sell", "amount": 0.2}, {"trade_seq": 6331, "trade_id": "137480600", "timestamp": 1616320456093, "tick_direction": 3, "price": 0.004, "mark_price": 0.00425454, "iv": 80.38, "instrument_name": "BTC-26MAR21-64000-C", "index_price": 56265.03, "direction": "sell", "amount": 0.5}, {"trade_seq": 6330, "trade_id": "137478057", "timestamp": 1616319956113, "tick_direction": 2, "price": 0.004, "mark_price": 0.00357362, "iv": 82.33, "instrument_name": "BTC-26MAR21-64000-C", "index_price": 56037.95, "direction": "buy", "amount": 0.2}, {"trade_seq": 6329, "trade_id": "137461800", "timestamp": 1616313988496, "tick_direction": 1, "price": 0.0055, "mark_price": 0.00590654, "iv": 77.64, "instrument_name": "BTC-26MAR21-64000-C", "index_price": 57275.38, "direction": "buy", "amount": 0.7}, {"trade_seq": 6328, "trade_id": "137461779", "timestamp": 1616313976806, "tick_direction": 1, "price": 0.0055, "mark_price": 0.00591775, "iv": 77.66, "instrument_name": "BTC-26MAR21-64000-C", "index_price": 57276.08, "direction": "buy", "amount": 0.1}, {"trade_seq": 6327, "trade_id": "137461778", "timestamp": 1616313976740, "tick_direction": 1, "price": 0.0055, "mark_price": 0.00591775, "iv": 77.66, "instrument_name": "BTC-26MAR21-64000-C", "index_price": 57276.08, "direction": "buy", "amount": 0.2}, {"trade_seq": 6326, "trade_id": "137461777", "timestamp": 1616313976661, "tick_direction": 0, "price": 0.0055, "mark_price": 0.00591775, "iv": 77.66, "instrument_name": "BTC-26MAR21-64000-C", "index_price": 57276.08, "direction": "buy", "amount": 1.0}, {"trade_seq": 6325, "trade_id": "137450220", "timestamp": 1616307717652, "tick_direction": 2, "price": 0.005, "mark_price": 0.00546369, "iv": 78.45, "instrument_name": "BTC-26MAR21-64000-C", "index_price": 56888.67, "direction": "sell", "amount": 24.1}, {"trade_seq": 6324, "trade_id": "137445243", "timestamp": 1616304071373, "tick_direction": 0, "price": 0.0055, "mark_price": 0.00546302, "iv": 78.93, "instrument_name": "BTC-26MAR21-64000-C", "index_price": 57060.13, "direction": "buy", "amount": 25.0}, {"trade_seq": 6323, "trade_id": "137439282", "timestamp": 1616301964518, "tick_direction": 3, "price": 0.005, "mark_price": 0.00535255, "iv": 77.09, "instrument_name": "BTC-26MAR21-64000-C", "index_price": 57042.6, "direction": "sell", "amount": 2.0}, {"trade_seq": 6322, "trade_id": "137436737", "timestamp": 1616301203018, "tick_direction": 3, "price": 0.005, "mark_price": 0.00582031, "iv": 75.47, "instrument_name": "BTC-26MAR21-64000-C", "index_price": 57200.36, "direction": "sell", "amount": 2.0}, {"trade_seq": 6321, "trade_id": "137436730", "timestamp": 1616301195657, "tick_direction": 3, "price": 0.005, "mark_price": 0.00579584, "iv": 75.57, "instrument_name": "BTC-26MAR21-64000-C", "index_price": 57193.03, "direction": "sell", "amount": 1.0}, {"trade_seq": 6320, "trade_id": "137436729", "timestamp": 1616301195657, "tick_direction": 2, "price": 0.005, "mark_price": 0.00579584, "iv": 75.57, "instrument_name": "BTC-26MAR21-64000-C", "index_price": 57193.03, "direction": "sell", "amount": 1.0}, {"trade_seq": 6319, "trade_id": "137435762", "timestamp": 1616301058431, "tick_direction": 2, "price": 0.0055, "mark_price": 0.00610108, "iv": 76.67, "instrument_name": "BTC-26MAR21-64000-C", "index_price": 57292.03, "direction": "sell", "amount": 12.1}, {"trade_seq": 6318, "trade_id": "137432026", "timestamp": 1616299595818, "tick_direction": 3, "price": 0.0065, "mark_price": 0.00657874, "iv": 77.18, "instrument_name": "BTC-26MAR21-64000-C", "index_price": 57664.77, "direction": "buy", "amount": 8.1}, {"trade_seq": 6317, "trade_id": "137432003", "timestamp": 1616299567395, "tick_direction": 3, "price": 0.0065, "mark_price": 0.00671107, "iv": 76.77, "instrument_name": "BTC-26MAR21-64000-C", "index_price": 57720.73, "direction": "buy", "amount": 3.9}, {"trade_seq": 6316, "trade_id": "137432000", "timestamp": 1616299558730, "tick_direction": 3, "price": 0.0065, "mark_price": 0.00670385, "iv": 76.82, "instrument_name": "BTC-26MAR21-64000-C", "index_price": 57716.63, "direction": "buy", "amount": 7.7}, {"trade_seq": 6315, "trade_id": "137431980", "timestamp": 1616299513558, "tick_direction": 3, "price": 0.0065, "mark_price": 0.00666302, "iv": 77.13, "instrument_name": "BTC-26MAR21-64000-C", "index_price": 57695.42, "direction": "buy", "amount": 0.1}, {"trade_seq": 6314, "trade_id": "137431979", "timestamp": 1616299513510, "tick_direction": 3, "price": 0.0065, "mark_price": 0.00666302, "iv": 77.13, "instrument_name": "BTC-26MAR21-64000-C", "index_price": 57695.42, "direction": "buy", "amount": 0.2}, {"trade_seq": 6313, "trade_id": "137428648", "timestamp": 1616297287359, "tick_direction": 3, "price": 0.0065, "mark_price": 0.00797753, "iv": 77.07, "instrument_name": "BTC-26MAR21-64000-C", "index_price": 57707.86, "direction": "sell", "amount": 17.6}, {"trade_seq": 6312, "trade_id": "137428647", "timestamp": 1616297287359, "tick_direction": 2, "price": 0.0065, "mark_price": 0.00797753, "iv": 77.07, "instrument_name": "BTC-26MAR21-64000-C", "index_price": 57707.86, "direction": "sell", "amount": 19.7}, {"trade_seq": 6311, "trade_id": "137428078", "timestamp": 1616297157405, "tick_direction": 2, "price": 0.008, "mark_price": 0.00828606, "iv": 81.99, "instrument_name": "BTC-26MAR21-64000-C", "index_price": 57689.38, "direction": "sell", "amount": 10.3}, {"trade_seq": 6310, "trade_id": "137420492", "timestamp": 1616293993044, "tick_direction": 2, "price": 0.0095, "mark_price": 0.00854922, "iv": 85.22, "instrument_name": "BTC-26MAR21-64000-C", "index_price": 57844.48, "direction": "buy", "amount": 5.0}, {"trade_seq": 6309, "trade_id": "137412824", "timestamp": 1616288653373, "tick_direction": 2, "price": 0.01, "mark_price": 0.01007181, "iv": 82.2, "instrument_name": "BTC-26MAR21-64000-C", "index_price": 58246.65, "direction": "sell", "amount": 0.1}, {"trade_seq": 6308, "trade_id": "137410710", "timestamp": 1616286775467, "tick_direction": 1, "price": 0.011, "mark_price": 0.01047316, "iv": 82.04, "instrument_name": "BTC-26MAR21-64000-C", "index_price": 58564.11, "direction": "sell", "amount": 0.7}, {"trade_seq": 6307, "trade_id": "137410709", "timestamp": 1616286775448, "tick_direction": 0, "price": 0.011, "mark_price": 0.01047316, "iv": 82.04, "instrument_name": "BTC-26MAR21-64000-C", "index_price": 58564.11, "direction": "buy", "amount": 0.7}, {"trade_seq": 6306, "trade_id": "137396353", "timestamp": 1616281518277, "tick_direction": 3, "price": 0.01, "mark_price": 0.01013409, "iv": 80.34, "instrument_name": "BTC-26MAR21-64000-C", "index_price": 58362.55, "direction": "sell", "amount": 0.2}, {"trade_seq": 6305, "trade_id": "137388804", "timestamp": 1616276670678, "tick_direction": 2, "price": 0.01, "mark_price": 0.01099518, "iv": 76.91, "instrument_name": "BTC-26MAR21-64000-C", "index_price": 58675.68, "direction": "sell", "amount": 0.1}, {"trade_seq": 6304, "trade_id": "137386567", "timestamp": 1616274336775, "tick_direction": 0, "price": 0.0115, "mark_price": 0.01068124, "iv": 82.88, "instrument_name": "BTC-26MAR21-64000-C", "index_price": 58491.5, "direction": "buy", "amount": 0.1}, {"trade_seq": 6303, "trade_id": "137378668", "timestamp": 1616271937640, "tick_direction": 2, "price": 0.0101, "mark_price": 0.01027051, "iv": 78.58, "instrument_name": "BTC-26MAR21-64000-C", "index_price": 58487.1, "direction": "sell", "block_trade_id": "9565", "amount": 50.0}, {"trade_seq": 6302, "trade_id": "137376330", "timestamp": 1616271831090, "tick_direction": 1, "price": 0.012, "mark_price": 0.01110418, "iv": 81.12, "instrument_name": "BTC-26MAR21-64000-C", "index_price": 58764.76, "direction": "buy", "amount": 19.0}, {"trade_seq": 6301, "trade_id": "137376329", "timestamp": 1616271831090, "tick_direction": 0, "price": 0.012, "mark_price": 0.01110418, "iv": 81.12, "instrument_name": "BTC-26MAR21-64000-C", "index_price": 58764.76, "direction": "buy", "amount": 1.0}, {"trade_seq": 6300, "trade_id": "137373500", "timestamp": 1616271199854, "tick_direction": 3, "price": 0.0115, "mark_price": 0.01108135, "iv": 79.92, "instrument_name": "BTC-26MAR21-64000-C", "index_price": 58737.17, "direction": "sell", "amount": 0.3}, {"trade_seq": 6299, "trade_id": "137373499", "timestamp": 1616271199854, "tick_direction": 2, "price": 0.0115, "mark_price": 0.01108135, "iv": 79.92, "instrument_name": "BTC-26MAR21-64000-C", "index_price": 58737.17, "direction": "sell", "amount": 0.1}, {"trade_seq": 6298, "trade_id": "137364596", "timestamp": 1616265354257, "tick_direction": 3, "price": 0.013, "mark_price": 0.012932, "iv": 77.59, "instrument_name": "BTC-26MAR21-64000-C", "index_price": 59297.94, "direction": "sell", "amount": 0.2}, {"trade_seq": 6297, "trade_id": "137364593", "timestamp": 1616265353378, "tick_direction": 3, "price": 0.013, "mark_price": 0.01306505, "iv": 77.24, "instrument_name": "BTC-26MAR21-64000-C", "index_price": 59306.83, "direction": "sell", "amount": 0.1}, {"trade_seq": 6296, "trade_id": "137364592", "timestamp": 1616265353338, "tick_direction": 3, "price": 0.013, "mark_price": 0.01306505, "iv": 77.24, "instrument_name": "BTC-26MAR21-64000-C", "index_price": 59306.83, "direction": "sell", "amount": 0.1}, {"trade_seq": 6295, "trade_id": "137363797", "timestamp": 1616265145770, "tick_direction": 3, "price": 0.013, "mark_price": 0.01291137, "iv": 77.32, "instrument_name": "BTC-26MAR21-64000-C", "index_price": 59312.6, "direction": "sell", "amount": 0.1}, {"trade_seq": 6294, "trade_id": "137363796", "timestamp": 1616265145727, "tick_direction": 3, "price": 0.013, "mark_price": 0.01291137, "iv": 77.32, "instrument_name": "BTC-26MAR21-64000-C", "index_price": 59312.6, "direction": "sell", "amount": 0.1}, {"trade_seq": 6293, "trade_id": "137363541", "timestamp": 1616265082355, "tick_direction": 3, "price": 0.013, "mark_price": 0.01275034, "iv": 77.6, "instrument_name": "BTC-26MAR21-64000-C", "index_price": 59302.42, "direction": "sell", "amount": 0.1}, {"trade_seq": 6292, "trade_id": "137363467", "timestamp": 1616265075876, "tick_direction": 3, "price": 0.013, "mark_price": 0.01277531, "iv": 77.58, "instrument_name": "BTC-26MAR21-64000-C", "index_price": 59300.57, "direction": "sell", "amount": 0.1}, {"trade_seq": 6291, "trade_id": "137363466", "timestamp": 1616265075837, "tick_direction": 3, "price": 0.013, "mark_price": 0.01277531, "iv": 77.58, "instrument_name": "BTC-26MAR21-64000-C", "index_price": 59300.57, "direction": "sell", "amount": 0.1}, {"trade_seq": 6290, "trade_id": "137363465", "timestamp": 1616265075759, "tick_direction": 2, "price": 0.013, "mark_price": 0.01277531, "iv": 77.58, "instrument_name": "BTC-26MAR21-64000-C", "index_price": 59300.57, "direction": "sell", "amount": 0.1}, {"trade_seq": 6289, "trade_id": "137355207", "timestamp": 1616258445309, "tick_direction": 2, "price": 0.014, "mark_price": 0.01300123, "iv": 80.25, "instrument_name": "BTC-26MAR21-64000-C", "index_price": 59208.11, "direction": "buy", "amount": 0.1}, {"trade_seq": 6288, "trade_id": "137342920", "timestamp": 1616253742410, "tick_direction": 0, "price": 0.015, "mark_price": 0.01386302, "iv": 78.81, "instrument_name": "BTC-26MAR21-64000-C", "index_price": 59544.26, "direction": "buy", "amount": 1.0}, {"trade_seq": 6287, "trade_id": "137342288", "timestamp": 1616253515689, "tick_direction": 0, "price": 0.0145, "mark_price": 0.01421393, "iv": 76.13, "instrument_name": "BTC-26MAR21-64000-C", "index_price": 59672.12, "direction": "sell", "amount": 1.1}, {"trade_seq": 6286, "trade_id": "137341101", "timestamp": 1616252961051, "tick_direction": 1, "price": 0.0135, "mark_price": 0.01398072, "iv": 74.46, "instrument_name": "BTC-26MAR21-64000-C", "index_price": 59582.04, "direction": "buy", "amount": 0.1}, {"trade_seq": 6285, "trade_id": "137340821", "timestamp": 1616252878803, "tick_direction": 1, "price": 0.0135, "mark_price": 0.01409436, "iv": 74.28, "instrument_name": "BTC-26MAR21-64000-C", "index_price": 59599.66, "direction": "buy", "amount": 0.3}, {"trade_seq": 6284, "trade_id": "137340820", "timestamp": 1616252878766, "tick_direction": 0, "price": 0.0135, "mark_price": 0.01409436, "iv": 74.28, "instrument_name": "BTC-26MAR21-64000-C", "index_price": 59599.66, "direction": "buy", "amount": 0.7}, {"trade_seq": 6283, "trade_id": "137338117", "timestamp": 1616252403265, "tick_direction": 3, "price": 0.012, "mark_price": 0.01350295, "iv": 72.55, "instrument_name": "BTC-26MAR21-64000-C", "index_price": 59375.83, "direction": "buy", "amount": 5.5}, {"trade_seq": 6282, "trade_id": "137338116", "timestamp": 1616252403265, "tick_direction": 3, "price": 0.012, "mark_price": 0.01350295, "iv": 72.55, "instrument_name": "BTC-26MAR21-64000-C", "index_price": 59375.83, "direction": "buy", "amount": 0.5}, {"trade_seq": 6281, "trade_id": "137338114", "timestamp": 1616252403261, "tick_direction": 3, "price": 0.012, "mark_price": 0.01350295, "iv": 72.55, "instrument_name": "BTC-26MAR21-64000-C", "index_price": 59375.83, "direction": "sell", "amount": 20.0}, {"trade_seq": 6280, "trade_id": "137338113", "timestamp": 1616252403261, "tick_direction": 3, "price": 0.012, "mark_price": 0.01350295, "iv": 72.55, "instrument_name": "BTC-26MAR21-64000-C", "index_price": 59375.83, "direction": "sell", "amount": 19.0}, {"trade_seq": 6279, "trade_id": "137338112", "timestamp": 1616252403261, "tick_direction": 3, "price": 0.012, "mark_price": 0.01350295, "iv": 72.55, "instrument_name": "BTC-26MAR21-64000-C", "index_price": 59375.83, "direction": "sell", "amount": 1.0}, {"trade_seq": 6278, "trade_id": "137338111", "timestamp": 1616252403261, "tick_direction": 2, "price": 0.012, "mark_price": 0.01350295, "iv": 72.55, "instrument_name": "BTC-26MAR21-64000-C", "index_price": 59375.83, "direction": "sell", "amount": 1.2}, {"trade_seq": 6277, "trade_id": "137338110", "timestamp": 1616252403261, "tick_direction": 3, "price": 0.0125, "mark_price": 0.01350295, "iv": 73.84, "instrument_name": "BTC-26MAR21-64000-C", "index_price": 59375.83, "direction": "sell", "amount": 0.1}, {"trade_seq": 6276, "trade_id": "137338109", "timestamp": 1616252403261, "tick_direction": 3, "price": 0.0125, "mark_price": 0.01350295, "iv": 73.84, "instrument_name": "BTC-26MAR21-64000-C", "index_price": 59375.83, "direction": "sell", "amount": 1.5}, {"trade_seq": 6275, "trade_id": "137338108", "timestamp": 1616252403261, "tick_direction": 2, "price": 0.0125, "mark_price": 0.01350295, "iv": 73.84, "instrument_name": "BTC-26MAR21-64000-C", "index_price": 59375.83, "direction": "sell", "amount": 1.2}, {"trade_seq": 6274, "trade_id": "137331880", "timestamp": 1616250354923, "tick_direction": 1, "price": 0.015, "mark_price": 0.01438297, "iv": 81.38, "instrument_name": "BTC-26MAR21-64000-C", "index_price": 59273.03, "direction": "sell", "amount": 4.0}, {"trade_seq": 6273, "trade_id": "137331876", "timestamp": 1616250354919, "tick_direction": 0, "price": 0.015, "mark_price": 0.01438297, "iv": 81.38, "instrument_name": "BTC-26MAR21-64000-C", "index_price": 59273.03, "direction": "buy", "amount": 1.0}, {"trade_seq": 6272, "trade_id": "137331554", "timestamp": 1616250234999, "tick_direction": 3, "price": 0.0135, "mark_price": 0.01381887, "iv": 79.22, "instrument_name": "BTC-26MAR21-64000-C", "index_price": 59104.44, "direction": "sell", "amount": 0.1}, {"trade_seq": 6271, "trade_id": "137322407", "timestamp": 1616248545821, "tick_direction": 2, "price": 0.0135, "mark_price": 0.01348479, "iv": 82.08, "instrument_name": "BTC-26MAR21-64000-C", "index_price": 58794.43, "direction": "sell", "amount": 2.0}, {"trade_seq": 6270, "trade_id": "137320997", "timestamp": 1616248492742, "tick_direction": 3, "price": 0.015, "mark_price": 0.01474459, "iv": 81.73, "instrument_name": "BTC-26MAR21-64000-C", "index_price": 59170.47, "direction": "sell", "amount": 0.4}, {"trade_seq": 6269, "trade_id": "137320994", "timestamp": 1616248492707, "tick_direction": 2, "price": 0.015, "mark_price": 0.01474459, "iv": 81.73, "instrument_name": "BTC-26MAR21-64000-C", "index_price": 59170.47, "direction": "sell", "amount": 0.6}, {"trade_seq": 6268, "trade_id": "137319427", "timestamp": 1616248278411, "tick_direction": 1, "price": 0.0165, "mark_price": 0.01570255, "iv": 82.83, "instrument_name": "BTC-26MAR21-64000-C", "index_price": 59412.95, "direction": "buy", "amount": 1.0}, {"trade_seq": 6267, "trade_id": "137317201", "timestamp": 1616247682632, "tick_direction": 0, "price": 0.0165, "mark_price": 0.01648207, "iv": 80.96, "instrument_name": "BTC-26MAR21-64000-C", "index_price": 59568.65, "direction": "buy", "amount": 1.0}, {"trade_seq": 6266, "trade_id": "137295126", "timestamp": 1616242903228, "tick_direction": 3, "price": 0.0135, "mark_price": 0.01343343, "iv": 79.91, "instrument_name": "BTC-26MAR21-64000-C", "index_price": 58994.19, "direction": "buy", "amount": 0.2}, {"trade_seq": 6265, "trade_id": "137295109", "timestamp": 1616242903041, "tick_direction": 3, "price": 0.0135, "mark_price": 0.01343343, "iv": 79.92, "instrument_name": "BTC-26MAR21-64000-C", "index_price": 58980.86, "direction": "buy", "amount": 0.5}, {"trade_seq": 6264, "trade_id": "137295098", "timestamp": 1616242902893, "tick_direction": 3, "price": 0.0135, "mark_price": 0.01343343, "iv": 79.92, "instrument_name": "BTC-26MAR21-64000-C", "index_price": 58980.86, "direction": "buy", "amount": 0.1}, {"trade_seq": 6263, "trade_id": "137295082", "timestamp": 1616242902046, "tick_direction": 3, "price": 0.0135, "mark_price": 0.01343289, "iv": 79.92, "instrument_name": "BTC-26MAR21-64000-C", "index_price": 58979.81, "direction": "buy", "amount": 0.1}, {"trade_seq": 6262, "trade_id": "137295081", "timestamp": 1616242902014, "tick_direction": 3, "price": 0.0135, "mark_price": 0.01343289, "iv": 79.92, "instrument_name": "BTC-26MAR21-64000-C", "index_price": 58979.81, "direction": "buy", "amount": 0.1}, {"trade_seq": 6261, "trade_id": "137295080", "timestamp": 1616242901979, "tick_direction": 2, "price": 0.0135, "mark_price": 0.01343289, "iv": 79.92, "instrument_name": "BTC-26MAR21-64000-C", "index_price": 58979.81, "direction": "buy", "amount": 0.1}, {"trade_seq": 6260, "trade_id": "137294300", "timestamp": 1616242747479, "tick_direction": 3, "price": 0.014, "mark_price": 0.01380256, "iv": 80.09, "instrument_name": "BTC-26MAR21-64000-C", "index_price": 59073.08, "direction": "buy", "amount": 0.1}, {"trade_seq": 6259, "trade_id": "137294254", "timestamp": 1616242717903, "tick_direction": 3, "price": 0.014, "mark_price": 0.01381313, "iv": 80.04, "instrument_name": "BTC-26MAR21-64000-C", "index_price": 59075.18, "direction": "buy", "amount": 4.0}, {"trade_seq": 6258, "trade_id": "137293688", "timestamp": 1616242235078, "tick_direction": 3, "price": 0.014, "mark_price": 0.0137828, "iv": 79.81, "instrument_name": "BTC-26MAR21-64000-C", "index_price": 59114.58, "direction": "buy", "amount": 0.3}, {"trade_seq": 6257, "trade_id": "137293687", "timestamp": 1616242234902, "tick_direction": 3, "price": 0.014, "mark_price": 0.0137828, "iv": 79.81, "instrument_name": "BTC-26MAR21-64000-C", "index_price": 59114.58, "direction": "buy", "amount": 0.3}, {"trade_seq": 6256, "trade_id": "137293686", "timestamp": 1616242234750, "tick_direction": 3, "price": 0.014, "mark_price": 0.0137828, "iv": 79.81, "instrument_name": "BTC-26MAR21-64000-C", "index_price": 59114.58, "direction": "buy", "amount": 0.1}, {"trade_seq": 6255, "trade_id": "137293576", "timestamp": 1616242206597, "tick_direction": 3, "price": 0.014, "mark_price": 0.01373863, "iv": 79.88, "instrument_name": "BTC-26MAR21-64000-C", "index_price": 59089.75, "direction": "buy", "amount": 0.1}, {"trade_seq": 6254, "trade_id": "137293558", "timestamp": 1616242202823, "tick_direction": 3, "price": 0.014, "mark_price": 0.01372495, "iv": 79.91, "instrument_name": "BTC-26MAR21-64000-C", "index_price": 59095.5, "direction": "buy", "amount": 0.2}, {"trade_seq": 6253, "trade_id": "137293555", "timestamp": 1616242202664, "tick_direction": 3, "price": 0.014, "mark_price": 0.01372495, "iv": 79.91, "instrument_name": "BTC-26MAR21-64000-C", "index_price": 59095.5, "direction": "buy", "amount": 0.4}, {"trade_seq": 6252, "trade_id": "137293553", "timestamp": 1616242202525, "tick_direction": 3, "price": 0.014, "mark_price": 0.0137216, "iv": 79.91, "instrument_name": "BTC-26MAR21-64000-C", "index_price": 59095.5, "direction": "buy", "amount": 0.2}, {"trade_seq": 6251, "trade_id": "137293546", "timestamp": 1616242202451, "tick_direction": 3, "price": 0.014, "mark_price": 0.0137216, "iv": 79.91, "instrument_name": "BTC-26MAR21-64000-C", "index_price": 59095.5, "direction": "buy", "amount": 0.1}, {"trade_seq": 6250, "trade_id": "137293536", "timestamp": 1616242202393, "tick_direction": 3, "price": 0.014, "mark_price": 0.0137216, "iv": 79.91, "instrument_name": "BTC-26MAR21-64000-C", "index_price": 59095.5, "direction": "buy", "amount": 0.1}, {"trade_seq": 6249, "trade_id": "137293534", "timestamp": 1616242201833, "tick_direction": 3, "price": 0.014, "mark_price": 0.0137216, "iv": 79.92, "instrument_name": "BTC-26MAR21-64000-C", "index_price": 59091.25, "direction": "buy", "amount": 0.1}, {"trade_seq": 6248, "trade_id": "137293533", "timestamp": 1616242201770, "tick_direction": 3, "price": 0.014, "mark_price": 0.0137216, "iv": 79.92, "instrument_name": "BTC-26MAR21-64000-C", "index_price": 59091.25, "direction": "buy", "amount": 0.1}, {"trade_seq": 6247, "trade_id": "137293532", "timestamp": 1616242201706, "tick_direction": 3, "price": 0.014, "mark_price": 0.0137216, "iv": 79.92, "instrument_name": "BTC-26MAR21-64000-C", "index_price": 59091.25, "direction": "buy", "amount": 0.2}, {"trade_seq": 6246, "trade_id": "137293531", "timestamp": 1616242201660, "tick_direction": 3, "price": 0.014, "mark_price": 0.0137216, "iv": 79.92, "instrument_name": "BTC-26MAR21-64000-C", "index_price": 59091.25, "direction": "buy", "amount": 0.3}, {"trade_seq": 6245, "trade_id": "137293496", "timestamp": 1616242194229, "tick_direction": 3, "price": 0.014, "mark_price": 0.0137743, "iv": 79.83, "instrument_name": "BTC-26MAR21-64000-C", "index_price": 59099.41, "direction": "buy", "amount": 0.1}, {"trade_seq": 6244, "trade_id": "137293495", "timestamp": 1616242194141, "tick_direction": 3, "price": 0.014, "mark_price": 0.0137743, "iv": 79.83, "instrument_name": "BTC-26MAR21-64000-C", "index_price": 59099.41, "direction": "buy", "amount": 0.2}, {"trade_seq": 6243, "trade_id": "137293494", "timestamp": 1616242194072, "tick_direction": 3, "price": 0.014, "mark_price": 0.0137743, "iv": 79.83, "instrument_name": "BTC-26MAR21-64000-C", "index_price": 59099.41, "direction": "buy", "amount": 0.5}, {"trade_seq": 6242, "trade_id": "137293183", "timestamp": 1616242072158, "tick_direction": 2, "price": 0.014, "mark_price": 0.01370585, "iv": 79.81, "instrument_name": "BTC-26MAR21-64000-C", "index_price": 59089.76, "direction": "sell", "amount": 13.7}, {"trade_seq": 6241, "trade_id": "137291377", "timestamp": 1616241603545, "tick_direction": 1, "price": 0.0145, "mark_price": 0.01443476, "iv": 79.2, "instrument_name": "BTC-26MAR21-64000-C", "index_price": 59279.84, "direction": "buy", "amount": 0.2}, {"trade_seq": 6240, "trade_id": "137291375", "timestamp": 1616241603465, "tick_direction": 1, "price": 0.0145, "mark_price": 0.01443476, "iv": 79.2, "instrument_name": "BTC-26MAR21-64000-C", "index_price": 59279.84, "direction": "buy", "amount": 0.1}, {"trade_seq": 6239, "trade_id": "137291359", "timestamp": 1616241603060, "tick_direction": 1, "price": 0.0145, "mark_price": 0.01443476, "iv": 79.2, "instrument_name": "BTC-26MAR21-64000-C", "index_price": 59279.84, "direction": "buy", "amount": 0.1}, {"trade_seq": 6238, "trade_id": "137291353", "timestamp": 1616241602690, "tick_direction": 1, "price": 0.0145, "mark_price": 0.01435469, "iv": 79.39, "instrument_name": "BTC-26MAR21-64000-C", "index_price": 59265.34, "direction": "buy", "amount": 0.1}, {"trade_seq": 6237, "trade_id": "137291352", "timestamp": 1616241602659, "tick_direction": 1, "price": 0.0145, "mark_price": 0.01435469, "iv": 79.39, "instrument_name": "BTC-26MAR21-64000-C", "index_price": 59265.34, "direction": "buy", "amount": 0.2}, {"trade_seq": 6236, "trade_id": "137291328", "timestamp": 1616241602090, "tick_direction": 1, "price": 0.0145, "mark_price": 0.01435469, "iv": 79.39, "instrument_name": "BTC-26MAR21-64000-C", "index_price": 59265.34, "direction": "buy", "amount": 0.2}, {"trade_seq": 6235, "trade_id": "137291324", "timestamp": 1616241602017, "tick_direction": 1, "price": 0.0145, "mark_price": 0.01435469, "iv": 79.39, "instrument_name": "BTC-26MAR21-64000-C", "index_price": 59265.34, "direction": "buy", "amount": 0.2}, {"trade_seq": 6234, "trade_id": "137291312", "timestamp": 1616241601645, "tick_direction": 1, "price": 0.0145, "mark_price": 0.01435098, "iv": 79.4, "instrument_name": "BTC-26MAR21-64000-C", "index_price": 59260.39, "direction": "buy", "amount": 0.1}, {"trade_seq": 6233, "trade_id": "137291311", "timestamp": 1616241601595, "tick_direction": 1, "price": 0.0145, "mark_price": 0.01435098, "iv": 79.4, "instrument_name": "BTC-26MAR21-64000-C", "index_price": 59260.39, "direction": "buy", "amount": 0.1}, {"trade_seq": 6232, "trade_id": "137291310", "timestamp": 1616241601581, "tick_direction": 1, "price": 0.0145, "mark_price": 0.01435098, "iv": 79.4, "instrument_name": "BTC-26MAR21-64000-C", "index_price": 59260.39, "direction": "buy", "amount": 0.2}