{"trades": [{"trade_seq": 2459, "trade_id": "236253062", "timestamp": 1668707668895, "tick_direction": 3, "price": 0.0005, "mark_price": 0.00013844, "iv": 144.97, "instrument_name": "BTC-30DEC22-70000-C", "index_price": 16646.3, "direction": "sell", "amount": 0.1}, {"trade_seq": 2458, "trade_id": "232999462", "timestamp": 1666900893109, "tick_direction": 3, "price": 0.0005, "mark_price": 0.00014579, "iv": 102.97, "instrument_name": "BTC-30DEC22-70000-C", "index_price": 20555.6, "direction": "sell", "amount": 0.1}, {"trade_seq": 2457, "trade_id": "232742660", "timestamp": 1666730361475, "tick_direction": 3, "price": 0.0005, "mark_price": 0.00014485, "iv": 102.98, "instrument_name": "BTC-30DEC22-70000-C", "index_price": 20094.63, "direction": "sell", "amount": 0.1}, {"trade_seq": 2456, "trade_id": "232737577", "timestamp": 1666729495995, "tick_direction": 3, "price": 0.0005, "mark_price": 0.00014234, "iv": 103.12, "instrument_name": "BTC-30DEC22-70000-C", "index_price": 20071.71, "direction": "buy", "amount": 0.1}, {"trade_seq": 2455, "trade_id": "232645766", "timestamp": 1666695698692, "tick_direction": 3, "price": 0.0005, "mark_price": 0.00010272, "iv": 105.65, "instrument_name": "BTC-30DEC22-70000-C", "index_price": 19293.5, "direction": "buy", "amount": 10.0}, {"trade_seq": 2454, "trade_id": "232645765", "timestamp": 1666695698692, "tick_direction": 3, "price": 0.0005, "mark_price": 0.00010272, "iv": 105.65, "instrument_name": "BTC-30DEC22-70000-C", "index_price": 19293.5, "direction": "buy", "amount": 0.1}, {"trade_seq": 2453, "trade_id": "232645764", "timestamp": 1666695698692, "tick_direction": 3, "price": 0.0005, "mark_price": 0.00010272, "iv": 105.65, "instrument_name": "BTC-30DEC22-70000-C", "index_price": 19293.5, "direction": "buy", "amount": 5.0}, {"trade_seq": 2452, "trade_id": "232205553", "timestamp": 1666054445390, "tick_direction": 3, "price": 0.0005, "mark_price": 0.0002294, "iv": 99.18, "instrument_name": "BTC-30DEC22-70000-C", "index_price": 19578.12, "direction": "buy", "amount": 21.0}, {"trade_seq": 2451, "trade_id": "232205552", "timestamp": 1666054445381, "tick_direction": 3, "price": 0.0005, "mark_price": 0.0002294, "iv": 99.18, "instrument_name": "BTC-30DEC22-70000-C", "index_price": 19578.12, "direction": "buy", "amount": 15.0}, {"trade_seq": 2450, "trade_id": "232205551", "timestamp": 1666054445381, "tick_direction": 3, "price": 0.0005, "mark_price": 0.0002294, "iv": 99.18, "instrument_name": "BTC-30DEC22-70000-C", "index_price": 19578.12, "direction": "buy", "amount": 5.0}, {"trade_seq": 2449, "trade_id": "232147459", "timestamp": 1665976108424, "tick_direction": 3, "price": 0.0005, "mark_price": 0.00020811, "iv": 99.95, "instrument_name": "BTC-30DEC22-70000-C", "index_price": 19180.62, "direction": "buy", "amount": 15.8}, {"trade_seq": 2448, "trade_id": "232147457", "timestamp": 1665976102519, "tick_direction": 3, "price": 0.0005, "mark_price": 0.00020804, "iv": 99.95, "instrument_name": "BTC-30DEC22-70000-C", "index_price": 19179.43, "direction": "buy", "amount": 23.2}, {"trade_seq": 2447, "trade_id": "232147451", "timestamp": 1665976066693, "tick_direction": 3, "price": 0.0005, "mark_price": 0.00020787, "iv": 99.96, "instrument_name": "BTC-30DEC22-70000-C", "index_price": 19177.0, "direction": "buy", "amount": 12.1}, {"trade_seq": 2446, "trade_id": "232147450", "timestamp": 1665976066656, "tick_direction": 3, "price": 0.0005, "mark_price": 0.00020787, "iv": 99.96, "instrument_name": "BTC-30DEC22-70000-C", "index_price": 19177.0, "direction": "buy", "amount": 5.0}, {"trade_seq": 2445, "trade_id": "231490413", "timestamp": 1665224030562, "tick_direction": 3, "price": 0.0005, "mark_price": 0.00038253, "iv": 93.46, "instrument_name": "BTC-30DEC22-70000-C", "index_price": 19519.14, "direction": "sell", "amount": 0.1}, {"trade_seq": 2444, "trade_id": "231196856", "timestamp": 1664985059206, "tick_direction": 2, "price": 0.0005, "mark_price": 0.00054441, "iv": 90.48, "instrument_name": "BTC-30DEC22-70000-C", "index_price": 19977.11, "direction": "sell", "amount": 5.0}, {"trade_seq": 2443, "trade_id": "230959157", "timestamp": 1664763753824, "tick_direction": 1, "price": 0.0015, "mark_price": 0.00036395, "iv": 102.48, "instrument_name": "BTC-30DEC22-70000-C", "index_price": 19146.16, "direction": "buy", "amount": 0.5}, {"trade_seq": 2442, "trade_id": "230959156", "timestamp": 1664763753824, "tick_direction": 0, "price": 0.0015, "mark_price": 0.00036395, "iv": 102.48, "instrument_name": "BTC-30DEC22-70000-C", "index_price": 19146.16, "direction": "buy", "amount": 1.0}, {"trade_seq": 2441, "trade_id": "230339224", "timestamp": 1664272137854, "tick_direction": 3, "price": 0.0005, "mark_price": 0.00074077, "iv": 85.81, "instrument_name": "BTC-30DEC22-70000-C", "index_price": 20181.63, "direction": "sell", "amount": 5.0}, {"trade_seq": 2440, "trade_id": "230333139", "timestamp": 1664266184469, "tick_direction": 3, "price": 0.0005, "mark_price": 0.00077068, "iv": 85.75, "instrument_name": "BTC-30DEC22-70000-C", "index_price": 20193.09, "direction": "sell", "amount": 5.0}, {"trade_seq": 2439, "trade_id": "230249322", "timestamp": 1664205283613, "tick_direction": 3, "price": 0.0005, "mark_price": 0.00068824, "iv": 88.69, "instrument_name": "BTC-30DEC22-70000-C", "index_price": 19105.63, "direction": "sell", "amount": 5.0}, {"trade_seq": 2438, "trade_id": "230239207", "timestamp": 1664198801181, "tick_direction": 3, "price": 0.0005, "mark_price": 0.00050897, "iv": 88.78, "instrument_name": "BTC-30DEC22-70000-C", "index_price": 19070.72, "direction": "buy", "amount": 0.3}, {"trade_seq": 2437, "trade_id": "230239206", "timestamp": 1664198801160, "tick_direction": 3, "price": 0.0005, "mark_price": 0.00050897, "iv": 88.78, "instrument_name": "BTC-30DEC22-70000-C", "index_price": 19070.72, "direction": "sell", "amount": 0.7}, {"trade_seq": 2436, "trade_id": "230221276", "timestamp": 1664185317719, "tick_direction": 3, "price": 0.0005, "mark_price": 0.00070711, "iv": 88.51, "instrument_name": "BTC-30DEC22-70000-C", "index_price": 19126.96, "direction": "buy", "amount": 2.9}, {"trade_seq": 2435, "trade_id": "230221275", "timestamp": 1664185317699, "tick_direction": 3, "price": 0.0005, "mark_price": 0.00070711, "iv": 88.51, "instrument_name": "BTC-30DEC22-70000-C", "index_price": 19126.96, "direction": "sell", "amount": 5.0}, {"trade_seq": 2434, "trade_id": "230221274", "timestamp": 1664185317699, "tick_direction": 2, "price": 0.0005, "mark_price": 0.00070711, "iv": 88.51, "instrument_name": "BTC-30DEC22-70000-C", "index_price": 19126.96, "direction": "sell", "amount": 0.1}, {"trade_seq": 2433, "trade_id": "230159887", "timestamp": 1664134536695, "tick_direction": 3, "price": 0.001, "mark_price": 0.00090425, "iv": 94.88, "instrument_name": "BTC-30DEC22-70000-C", "index_price": 18986.22, "direction": "sell", "amount": 0.5}, {"trade_seq": 2432, "trade_id": "229962543", "timestamp": 1663893954172, "tick_direction": 3, "price": 0.001, "mark_price": 0.00071741, "iv": 92.35, "instrument_name": "BTC-30DEC22-70000-C", "index_price": 19347.21, "direction": "sell", "amount": 13.2}, {"trade_seq": 2431, "trade_id": "229962542", "timestamp": 1663893954169, "tick_direction": 3, "price": 0.001, "mark_price": 0.00071741, "iv": 92.35, "instrument_name": "BTC-30DEC22-70000-C", "index_price": 19347.21, "direction": "buy", "amount": 0.9}, {"trade_seq": 2430, "trade_id": "229962541", "timestamp": 1663893954169, "tick_direction": 3, "price": 0.001, "mark_price": 0.00071741, "iv": 92.35, "instrument_name": "BTC-30DEC22-70000-C", "index_price": 19347.21, "direction": "buy", "amount": 0.9}, {"trade_seq": 2429, "trade_id": "229962540", "timestamp": 1663893954169, "tick_direction": 3, "price": 0.001, "mark_price": 0.00071741, "iv": 92.35, "instrument_name": "BTC-30DEC22-70000-C", "index_price": 19347.21, "direction": "buy", "amount": 4.0}, {"trade_seq": 2428, "trade_id": "229962538", "timestamp": 1663893922577, "tick_direction": 3, "price": 0.001, "mark_price": 0.00071828, "iv": 92.34, "instrument_name": "BTC-30DEC22-70000-C", "index_price": 19349.27, "direction": "buy", "amount": 1.0}, {"trade_seq": 2427, "trade_id": "229403264", "timestamp": 1663510916542, "tick_direction": 2, "price": 0.001, "mark_price": 0.00089728, "iv": 88.66, "instrument_name": "BTC-30DEC22-70000-C", "index_price": 19917.05, "direction": "sell", "amount": 5.0}, {"trade_seq": 2426, "trade_id": "228690365", "timestamp": 1662730828321, "tick_direction": 3, "price": 0.002, "mark_price": 0.00185594, "iv": 88.39, "instrument_name": "BTC-30DEC22-70000-C", "index_price": 21030.38, "direction": "buy", "amount": 1.0}, {"trade_seq": 2425, "trade_id": "228194928", "timestamp": 1662214531034, "tick_direction": 3, "price": 0.002, "mark_price": 0.00216552, "iv": 89.55, "instrument_name": "BTC-30DEC22-70000-C", "index_price": 19849.92, "direction": "sell", "amount": 15.0}, {"trade_seq": 2424, "trade_id": "228016219", "timestamp": 1662018125060, "tick_direction": 3, "price": 0.0025, "mark_price": 0.00194602, "iv": 91.09, "instrument_name": "BTC-30DEC22-70000-C", "index_price": 19862.14, "direction": "buy", "amount": 5.5}, {"trade_seq": 2423, "trade_id": "228016216", "timestamp": 1662018121070, "tick_direction": 3, "price": 0.0025, "mark_price": 0.00194681, "iv": 91.08, "instrument_name": "BTC-30DEC22-70000-C", "index_price": 19864.97, "direction": "buy", "amount": 5.2}, {"trade_seq": 2422, "trade_id": "227929448", "timestamp": 1661920575464, "tick_direction": 3, "price": 0.0025, "mark_price": 0.00270334, "iv": 88.99, "instrument_name": "BTC-30DEC22-70000-C", "index_price": 20417.41, "direction": "sell", "amount": 5.1}, {"trade_seq": 2421, "trade_id": "227929438", "timestamp": 1661920574488, "tick_direction": 2, "price": 0.0025, "mark_price": 0.0027025, "iv": 88.99, "instrument_name": "BTC-30DEC22-70000-C", "index_price": 20417.41, "direction": "sell", "amount": 4.8}, {"trade_seq": 2420, "trade_id": "227716916", "timestamp": 1661677010531, "tick_direction": 2, "price": 0.003, "mark_price": 0.00288834, "iv": 91.2, "instrument_name": "BTC-30DEC22-70000-C", "index_price": 20031.1, "direction": "sell", "amount": 0.7}, {"trade_seq": 2419, "trade_id": "227507191", "timestamp": 1661504100735, "tick_direction": 2, "price": 0.0035, "mark_price": 0.00348249, "iv": 88.11, "instrument_name": "BTC-30DEC22-70000-C", "index_price": 21425.92, "direction": "buy", "amount": 1.0}, {"trade_seq": 2418, "trade_id": "227343955", "timestamp": 1661279899827, "tick_direction": 3, "price": 0.0045, "mark_price": 0.0047378, "iv": 89.82, "instrument_name": "BTC-30DEC22-70000-C", "index_price": 21571.72, "direction": "buy", "amount": 0.1}, {"trade_seq": 2417, "trade_id": "226931388", "timestamp": 1660891097715, "tick_direction": 2, "price": 0.0045, "mark_price": 0.00432807, "iv": 87.18, "instrument_name": "BTC-30DEC22-70000-C", "index_price": 22049.89, "direction": "sell", "amount": 0.1}, {"trade_seq": 2416, "trade_id": "226906818", "timestamp": 1660869799755, "tick_direction": 3, "price": 0.0055, "mark_price": 0.00609293, "iv": 86.97, "instrument_name": "BTC-30DEC22-70000-C", "index_price": 22913.96, "direction": "sell", "amount": 1.0}, {"trade_seq": 2415, "trade_id": "226906817", "timestamp": 1660869798305, "tick_direction": 3, "price": 0.0055, "mark_price": 0.00609354, "iv": 86.97, "instrument_name": "BTC-30DEC22-70000-C", "index_price": 22914.21, "direction": "sell", "amount": 1.0}, {"trade_seq": 2414, "trade_id": "226906814", "timestamp": 1660869796216, "tick_direction": 3, "price": 0.0055, "mark_price": 0.00608704, "iv": 86.97, "instrument_name": "BTC-30DEC22-70000-C", "index_price": 22911.37, "direction": "sell", "amount": 1.0}, {"trade_seq": 2413, "trade_id": "226906805", "timestamp": 1660869792854, "tick_direction": 3, "price": 0.0055, "mark_price": 0.00608149, "iv": 87.0, "instrument_name": "BTC-30DEC22-70000-C", "index_price": 22903.07, "direction": "sell", "amount": 0.9}, {"trade_seq": 2412, "trade_id": "226906804", "timestamp": 1660869792854, "tick_direction": 2, "price": 0.0055, "mark_price": 0.00608149, "iv": 87.0, "instrument_name": "BTC-30DEC22-70000-C", "index_price": 22903.07, "direction": "sell", "amount": 0.1}, {"trade_seq": 2411, "trade_id": "226844618", "timestamp": 1660811760203, "tick_direction": 3, "price": 0.0065, "mark_price": 0.00637179, "iv": 87.66, "instrument_name": "BTC-30DEC22-70000-C", "index_price": 23365.57, "direction": "sell", "amount": 2.5}, {"trade_seq": 2410, "trade_id": "226831841", "timestamp": 1660785285004, "tick_direction": 3, "price": 0.0065, "mark_price": 0.00676791, "iv": 87.37, "instrument_name": "BTC-30DEC22-70000-C", "index_price": 23418.81, "direction": "sell", "amount": 3.4}, {"trade_seq": 2409, "trade_id": "226831730", "timestamp": 1660785035012, "tick_direction": 2, "price": 0.0065, "mark_price": 0.00678118, "iv": 87.3, "instrument_name": "BTC-30DEC22-70000-C", "index_price": 23439.4, "direction": "sell", "amount": 3.0}, {"trade_seq": 2408, "trade_id": "226806619", "timestamp": 1660759838028, "tick_direction": 1, "price": 0.007, "mark_price": 0.00678969, "iv": 88.2, "instrument_name": "BTC-30DEC22-70000-C", "index_price": 23443.37, "direction": "sell", "amount": 1.0}, {"trade_seq": 2407, "trade_id": "226794576", "timestamp": 1660751037309, "tick_direction": 0, "price": 0.007, "mark_price": 0.00716538, "iv": 88.41, "instrument_name": "BTC-30DEC22-70000-C", "index_price": 23353.22, "direction": "sell", "amount": 45.2}, {"trade_seq": 2406, "trade_id": "226794516", "timestamp": 1660751013359, "tick_direction": 0, "price": 0.006, "mark_price": 0.00717775, "iv": 86.33, "instrument_name": "BTC-30DEC22-70000-C", "index_price": 23361.42, "direction": "buy", "block_trade_id": "47330", "amount": 25.0}, {"trade_seq": 2405, "trade_id": "226794491", "timestamp": 1660750996905, "tick_direction": 2, "price": 0.0059, "mark_price": 0.00718025, "iv": 86.11, "instrument_name": "BTC-30DEC22-70000-C", "index_price": 23363.42, "direction": "buy", "block_trade_id": "47329", "amount": 25.0}, {"trade_seq": 2404, "trade_id": "226789748", "timestamp": 1660747165340, "tick_direction": 1, "price": 0.007, "mark_price": 0.00621556, "iv": 88.35, "instrument_name": "BTC-30DEC22-70000-C", "index_price": 23366.53, "direction": "sell", "amount": 2.5}, {"trade_seq": 2403, "trade_id": "226789710", "timestamp": 1660747155915, "tick_direction": 1, "price": 0.007, "mark_price": 0.00618534, "iv": 88.38, "instrument_name": "BTC-30DEC22-70000-C", "index_price": 23352.16, "direction": "sell", "amount": 2.5}, {"trade_seq": 2402, "trade_id": "226789168", "timestamp": 1660747049849, "tick_direction": 1, "price": 0.007, "mark_price": 0.00601244, "iv": 88.26, "instrument_name": "BTC-30DEC22-70000-C", "index_price": 23396.51, "direction": "buy", "amount": 3.5}, {"trade_seq": 2401, "trade_id": "226789167", "timestamp": 1660747049849, "tick_direction": 1, "price": 0.007, "mark_price": 0.00601244, "iv": 88.26, "instrument_name": "BTC-30DEC22-70000-C", "index_price": 23396.51, "direction": "buy", "amount": 18.6}, {"trade_seq": 2400, "trade_id": "226789112", "timestamp": 1660746974749, "tick_direction": 1, "price": 0.007, "mark_price": 0.00595137, "iv": 88.24, "instrument_name": "BTC-30DEC22-70000-C", "index_price": 23402.65, "direction": "sell", "amount": 2.4}, {"trade_seq": 2399, "trade_id": "226789110", "timestamp": 1660746974715, "tick_direction": 1, "price": 0.007, "mark_price": 0.00595137, "iv": 88.24, "instrument_name": "BTC-30DEC22-70000-C", "index_price": 23402.65, "direction": "sell", "amount": 15.0}, {"trade_seq": 2398, "trade_id": "226789107", "timestamp": 1660746974683, "tick_direction": 1, "price": 0.007, "mark_price": 0.00595137, "iv": 88.24, "instrument_name": "BTC-30DEC22-70000-C", "index_price": 23402.65, "direction": "sell", "amount": 15.0}, {"trade_seq": 2397, "trade_id": "226789103", "timestamp": 1660746974641, "tick_direction": 1, "price": 0.007, "mark_price": 0.00595137, "iv": 88.24, "instrument_name": "BTC-30DEC22-70000-C", "index_price": 23402.65, "direction": "sell", "amount": 15.0}, {"trade_seq": 2396, "trade_id": "226789098", "timestamp": 1660746974600, "tick_direction": 1, "price": 0.007, "mark_price": 0.00594853, "iv": 88.24, "instrument_name": "BTC-30DEC22-70000-C", "index_price": 23402.65, "direction": "buy", "amount": 2.9}, {"trade_seq": 2395, "trade_id": "226789097", "timestamp": 1660746974600, "tick_direction": 1, "price": 0.007, "mark_price": 0.00594853, "iv": 88.24, "instrument_name": "BTC-30DEC22-70000-C", "index_price": 23402.65, "direction": "buy", "amount": 31.0}, {"trade_seq": 2394, "trade_id": "226789096", "timestamp": 1660746974600, "tick_direction": 1, "price": 0.007, "mark_price": 0.00594853, "iv": 88.24, "instrument_name": "BTC-30DEC22-70000-C", "index_price": 23402.65, "direction": "buy", "amount": 15.0}, {"trade_seq": 2393, "trade_id": "226789095", "timestamp": 1660746974600, "tick_direction": 1, "price": 0.007, "mark_price": 0.00594853, "iv": 88.24, "instrument_name": "BTC-30DEC22-70000-C", "index_price": 23402.65, "direction": "buy", "amount": 3.6}, {"trade_seq": 2392, "trade_id": "226789094", "timestamp": 1660746974600, "tick_direction": 0, "price": 0.007, "mark_price": 0.00594853, "iv": 88.24, "instrument_name": "BTC-30DEC22-70000-C", "index_price": 23402.65, "direction": "buy", "amount": 0.1}, {"trade_seq": 2391, "trade_id": "226789058", "timestamp": 1660746941814, "tick_direction": 1, "price": 0.0065, "mark_price": 0.00592529, "iv": 87.18, "instrument_name": "BTC-30DEC22-70000-C", "index_price": 23422.19, "direction": "sell", "amount": 4.5}, {"trade_seq": 2390, "trade_id": "226789057", "timestamp": 1660746941564, "tick_direction": 1, "price": 0.0065, "mark_price": 0.00592404, "iv": 87.18, "instrument_name": "BTC-30DEC22-70000-C", "index_price": 23422.19, "direction": "sell", "amount": 4.9}, {"trade_seq": 2389, "trade_id": "226789056", "timestamp": 1660746941176, "tick_direction": 1, "price": 0.0065, "mark_price": 0.00592404, "iv": 87.18, "instrument_name": "BTC-30DEC22-70000-C", "index_price": 23422.35, "direction": "sell", "amount": 100.0}, {"trade_seq": 2388, "trade_id": "226789055", "timestamp": 1660746941167, "tick_direction": 1, "price": 0.0065, "mark_price": 0.00592404, "iv": 87.18, "instrument_name": "BTC-30DEC22-70000-C", "index_price": 23422.35, "direction": "buy", "amount": 3.3}, {"trade_seq": 2387, "trade_id": "226789054", "timestamp": 1660746941167, "tick_direction": 1, "price": 0.0065, "mark_price": 0.00592404, "iv": 87.18, "instrument_name": "BTC-30DEC22-70000-C", "index_price": 23422.35, "direction": "buy", "amount": 15.0}, {"trade_seq": 2386, "trade_id": "226789053", "timestamp": 1660746941167, "tick_direction": 1, "price": 0.0065, "mark_price": 0.00592404, "iv": 87.18, "instrument_name": "BTC-30DEC22-70000-C", "index_price": 23422.35, "direction": "buy", "amount": 31.0}, {"trade_seq": 2385, "trade_id": "226789052", "timestamp": 1660746941167, "tick_direction": 0, "price": 0.0065, "mark_price": 0.00592404, "iv": 87.18, "instrument_name": "BTC-30DEC22-70000-C", "index_price": 23422.35, "direction": "buy", "amount": 4.9}, {"trade_seq": 2384, "trade_id": "226789051", "timestamp": 1660746941167, "tick_direction": 0, "price": 0.006, "mark_price": 0.00592404, "iv": 86.13, "instrument_name": "BTC-30DEC22-70000-C", "index_price": 23422.35, "direction": "buy", "amount": 1.0}, {"trade_seq": 2383, "trade_id": "226715873", "timestamp": 1660688564983, "tick_direction": 3, "price": 0.0055, "mark_price": 0.00490801, "iv": 83.59, "instrument_name": "BTC-30DEC22-70000-C", "index_price": 23889.14, "direction": "buy", "amount": 0.7}, {"trade_seq": 2382, "trade_id": "226695464", "timestamp": 1660669489878, "tick_direction": 3, "price": 0.0055, "mark_price": 0.00563479, "iv": 83.69, "instrument_name": "BTC-30DEC22-70000-C", "index_price": 23816.64, "direction": "buy", "amount": 0.3}, {"trade_seq": 2381, "trade_id": "226616944", "timestamp": 1660575710835, "tick_direction": 3, "price": 0.0055, "mark_price": 0.00600427, "iv": 82.59, "instrument_name": "BTC-30DEC22-70000-C", "index_price": 24136.88, "direction": "sell", "amount": 5.0}, {"trade_seq": 2380, "trade_id": "226561449", "timestamp": 1660529547696, "tick_direction": 3, "price": 0.0055, "mark_price": 0.00584267, "iv": 80.85, "instrument_name": "BTC-30DEC22-70000-C", "index_price": 24731.17, "direction": "buy", "amount": 1.0}, {"trade_seq": 2379, "trade_id": "226527973", "timestamp": 1660478988551, "tick_direction": 3, "price": 0.0055, "mark_price": 0.00581831, "iv": 81.06, "instrument_name": "BTC-30DEC22-70000-C", "index_price": 24558.36, "direction": "buy", "amount": 0.9}, {"trade_seq": 2378, "trade_id": "226525388", "timestamp": 1660473630746, "tick_direction": 2, "price": 0.0055, "mark_price": 0.00537778, "iv": 80.7, "instrument_name": "BTC-30DEC22-70000-C", "index_price": 24675.5, "direction": "sell", "amount": 0.1}, {"trade_seq": 2377, "trade_id": "226284982", "timestamp": 1660199862375, "tick_direction": 2, "price": 0.006, "mark_price": 0.00634382, "iv": 81.3, "instrument_name": "BTC-30DEC22-70000-C", "index_price": 24527.17, "direction": "buy", "amount": 3.9}, {"trade_seq": 2376, "trade_id": "226282869", "timestamp": 1660197358160, "tick_direction": 2, "price": 0.0065, "mark_price": 0.00685646, "iv": 82.19, "instrument_name": "BTC-30DEC22-70000-C", "index_price": 24576.98, "direction": "sell", "amount": 0.1}, {"trade_seq": 2375, "trade_id": "226280355", "timestamp": 1660194903650, "tick_direction": 0, "price": 0.007, "mark_price": 0.00695966, "iv": 83.04, "instrument_name": "BTC-30DEC22-70000-C", "index_price": 24606.17, "direction": "buy", "amount": 1.0}, {"trade_seq": 2374, "trade_id": "226195789", "timestamp": 1660134609837, "tick_direction": 0, "price": 0.0065, "mark_price": 0.00644469, "iv": 85.14, "instrument_name": "BTC-30DEC22-70000-C", "index_price": 23354.88, "direction": "buy", "amount": 0.2}, {"trade_seq": 2373, "trade_id": "226182033", "timestamp": 1660116136702, "tick_direction": 3, "price": 0.006, "mark_price": 0.00653154, "iv": 85.07, "instrument_name": "BTC-30DEC22-70000-C", "index_price": 22972.57, "direction": "sell", "amount": 0.2}, {"trade_seq": 2372, "trade_id": "226179659", "timestamp": 1660108806780, "tick_direction": 3, "price": 0.006, "mark_price": 0.00625181, "iv": 85.12, "instrument_name": "BTC-30DEC22-70000-C", "index_price": 22948.95, "direction": "buy", "amount": 0.5}, {"trade_seq": 2371, "trade_id": "226179656", "timestamp": 1660108791604, "tick_direction": 3, "price": 0.006, "mark_price": 0.00625096, "iv": 85.12, "instrument_name": "BTC-30DEC22-70000-C", "index_price": 22948.17, "direction": "buy", "amount": 0.4}, {"trade_seq": 2370, "trade_id": "226179654", "timestamp": 1660108784107, "tick_direction": 2, "price": 0.006, "mark_price": 0.00624842, "iv": 85.13, "instrument_name": "BTC-30DEC22-70000-C", "index_price": 22946.41, "direction": "sell", "amount": 0.1}, {"trade_seq": 2369, "trade_id": "226160959", "timestamp": 1660084407229, "tick_direction": 2, "price": 0.0065, "mark_price": 0.00620574, "iv": 85.27, "instrument_name": "BTC-30DEC22-70000-C", "index_price": 23257.33, "direction": "buy", "amount": 4.8}, {"trade_seq": 2368, "trade_id": "226041396", "timestamp": 1659960708330, "tick_direction": 0, "price": 0.007, "mark_price": 0.00726102, "iv": 83.09, "instrument_name": "BTC-30DEC22-70000-C", "index_price": 24218.94, "direction": "buy", "amount": 0.5}, {"trade_seq": 2367, "trade_id": "226015295", "timestamp": 1659939990730, "tick_direction": 3, "price": 0.006, "mark_price": 0.00680713, "iv": 82.6, "instrument_name": "BTC-30DEC22-70000-C", "index_price": 23636.21, "direction": "sell", "amount": 0.3}, {"trade_seq": 2366, "trade_id": "226015294", "timestamp": 1659939990730, "tick_direction": 2, "price": 0.006, "mark_price": 0.00680713, "iv": 82.6, "instrument_name": "BTC-30DEC22-70000-C", "index_price": 23636.21, "direction": "sell", "amount": 0.1}, {"trade_seq": 2365, "trade_id": "226015293", "timestamp": 1659939990730, "tick_direction": 0, "price": 0.0065, "mark_price": 0.00680713, "iv": 83.61, "instrument_name": "BTC-30DEC22-70000-C", "index_price": 23636.21, "direction": "sell", "amount": 0.1}, {"trade_seq": 2364, "trade_id": "225765028", "timestamp": 1659595635018, "tick_direction": 2, "price": 0.0055, "mark_price": 0.00624369, "iv": 82.16, "instrument_name": "BTC-30DEC22-70000-C", "index_price": 22955.71, "direction": "sell", "amount": 0.1}, {"trade_seq": 2363, "trade_id": "225688135", "timestamp": 1659517025559, "tick_direction": 0, "price": 0.007, "mark_price": 0.00639362, "iv": 84.02, "instrument_name": "BTC-30DEC22-70000-C", "index_price": 23269.24, "direction": "buy", "amount": 9.8}, {"trade_seq": 2362, "trade_id": "225407620", "timestamp": 1659292124716, "tick_direction": 1, "price": 0.0065, "mark_price": 0.00709886, "iv": 80.74, "instrument_name": "BTC-30DEC22-70000-C", "index_price": 23916.84, "direction": "sell", "amount": 1.0}, {"trade_seq": 2361, "trade_id": "225403453", "timestamp": 1659291032858, "tick_direction": 0, "price": 0.0065, "mark_price": 0.00753867, "iv": 80.24, "instrument_name": "BTC-30DEC22-70000-C", "index_price": 24121.85, "direction": "buy", "amount": 1.0}, {"trade_seq": 2360, "trade_id": "225380179", "timestamp": 1659255623096, "tick_direction": 3, "price": 0.006, "mark_price": 0.00583152, "iv": 80.21, "instrument_name": "BTC-30DEC22-70000-C", "index_price": 23686.44, "direction": "buy", "amount": 1.0}, {"trade_seq": 2359, "trade_id": "225380171", "timestamp": 1659255620851, "tick_direction": 3, "price": 0.006, "mark_price": 0.00583078, "iv": 80.21, "instrument_name": "BTC-30DEC22-70000-C", "index_price": 23685.29, "direction": "buy", "amount": 1.0}, {"trade_seq": 2358, "trade_id": "225380169", "timestamp": 1659255618655, "tick_direction": 3, "price": 0.006, "mark_price": 0.00582953, "iv": 80.22, "instrument_name": "BTC-30DEC22-70000-C", "index_price": 23683.1, "direction": "buy", "amount": 1.0}, {"trade_seq": 2357, "trade_id": "225363908", "timestamp": 1659231329820, "tick_direction": 2, "price": 0.006, "mark_price": 0.00624478, "iv": 79.93, "instrument_name": "BTC-30DEC22-70000-C", "index_price": 23758.41, "direction": "sell", "amount": 1.0}, {"trade_seq": 2356, "trade_id": "224952499", "timestamp": 1659025911297, "tick_direction": 0, "price": 0.008, "mark_price": 0.00789897, "iv": 82.73, "instrument_name": "BTC-30DEC22-70000-C", "index_price": 23905.65, "direction": "sell", "amount": 0.9}, {"trade_seq": 2355, "trade_id": "224844717", "timestamp": 1658978567769, "tick_direction": 3, "price": 0.0065, "mark_price": 0.00670665, "iv": 81.5, "instrument_name": "BTC-30DEC22-70000-C", "index_price": 23280.42, "direction": "sell", "amount": 0.1}, {"trade_seq": 2354, "trade_id": "224844716", "timestamp": 1658978565816, "tick_direction": 3, "price": 0.0065, "mark_price": 0.00670681, "iv": 81.5, "instrument_name": "BTC-30DEC22-70000-C", "index_price": 23280.29, "direction": "sell", "amount": 0.1}, {"trade_seq": 2353, "trade_id": "224844715", "timestamp": 1658978564328, "tick_direction": 3, "price": 0.0065, "mark_price": 0.00670564, "iv": 81.5, "instrument_name": "BTC-30DEC22-70000-C", "index_price": 23279.63, "direction": "sell", "amount": 0.1}, {"trade_seq": 2352, "trade_id": "224844714", "timestamp": 1658978562567, "tick_direction": 3, "price": 0.0065, "mark_price": 0.00670628, "iv": 81.5, "instrument_name": "BTC-30DEC22-70000-C", "index_price": 23280.16, "direction": "sell", "amount": 0.1}, {"trade_seq": 2351, "trade_id": "224844713", "timestamp": 1658978559059, "tick_direction": 3, "price": 0.0065, "mark_price": 0.00669603, "iv": 81.52, "instrument_name": "BTC-30DEC22-70000-C", "index_price": 23273.11, "direction": "sell", "amount": 0.1}, {"trade_seq": 2350, "trade_id": "224844708", "timestamp": 1658978550387, "tick_direction": 3, "price": 0.0065, "mark_price": 0.00669726, "iv": 81.52, "instrument_name": "BTC-30DEC22-70000-C", "index_price": 23274.0, "direction": "sell", "amount": 0.1}, {"trade_seq": 2349, "trade_id": "224844694", "timestamp": 1658978523407, "tick_direction": 3, "price": 0.0065, "mark_price": 0.00669141, "iv": 81.52, "instrument_name": "BTC-30DEC22-70000-C", "index_price": 23272.15, "direction": "sell", "amount": 0.1}, {"trade_seq": 2348, "trade_id": "224826242", "timestamp": 1658967399385, "tick_direction": 3, "price": 0.0065, "mark_price": 0.00648991, "iv": 82.44, "instrument_name": "BTC-30DEC22-70000-C", "index_price": 22893.37, "direction": "buy", "amount": 0.5}, {"trade_seq": 2347, "trade_id": "224745104", "timestamp": 1658946609309, "tick_direction": 3, "price": 0.0065, "mark_price": 0.00641616, "iv": 84.38, "instrument_name": "BTC-30DEC22-70000-C", "index_price": 22104.21, "direction": "sell", "amount": 0.5}, {"trade_seq": 2346, "trade_id": "224677450", "timestamp": 1658908872485, "tick_direction": 2, "price": 0.0065, "mark_price": 0.00675088, "iv": 86.28, "instrument_name": "BTC-30DEC22-70000-C", "index_price": 21346.91, "direction": "sell", "amount": 2.5}, {"trade_seq": 2345, "trade_id": "224452993", "timestamp": 1658753250515, "tick_direction": 3, "price": 0.008, "mark_price": 0.00751655, "iv": 87.03, "instrument_name": "BTC-30DEC22-70000-C", "index_price": 21902.44, "direction": "buy", "block_trade_id": "45614", "amount": 40.0}, {"trade_seq": 2344, "trade_id": "224306371", "timestamp": 1658617586528, "tick_direction": 2, "price": 0.008, "mark_price": 0.00762983, "iv": 85.03, "instrument_name": "BTC-30DEC22-70000-C", "index_price": 22532.91, "direction": "buy", "amount": 4.0}, {"trade_seq": 2343, "trade_id": "224109290", "timestamp": 1658481666459, "tick_direction": 0, "price": 0.009, "mark_price": 0.00921188, "iv": 83.82, "instrument_name": "BTC-30DEC22-70000-C", "index_price": 23459.13, "direction": "buy", "amount": 1.0}, {"trade_seq": 2342, "trade_id": "223921543", "timestamp": 1658372251814, "tick_direction": 3, "price": 0.0085, "mark_price": 0.00817623, "iv": 84.43, "instrument_name": "BTC-30DEC22-70000-C", "index_price": 22763.36, "direction": "buy", "amount": 1.0}, {"trade_seq": 2341, "trade_id": "223921191", "timestamp": 1658372148713, "tick_direction": 2, "price": 0.0085, "mark_price": 0.00812891, "iv": 84.45, "instrument_name": "BTC-30DEC22-70000-C", "index_price": 22747.91, "direction": "buy", "amount": 2.0}, {"trade_seq": 2340, "trade_id": "223842824", "timestamp": 1658341439132, "tick_direction": 1, "price": 0.0095, "mark_price": 0.01002603, "iv": 83.2, "instrument_name": "BTC-30DEC22-70000-C", "index_price": 23831.8, "direction": "sell", "amount": 1.0}, {"trade_seq": 2339, "trade_id": "223443720", "timestamp": 1658188718631, "tick_direction": 1, "price": 0.0095, "mark_price": 0.00856632, "iv": 85.8, "instrument_name": "BTC-30DEC22-70000-C", "index_price": 22607.82, "direction": "buy", "amount": 0.5}, {"trade_seq": 2338, "trade_id": "223438515", "timestamp": 1658187609142, "tick_direction": 0, "price": 0.0095, "mark_price": 0.00906112, "iv": 86.59, "instrument_name": "BTC-30DEC22-70000-C", "index_price": 22304.13, "direction": "buy", "amount": 0.5}, {"trade_seq": 2337, "trade_id": "223432701", "timestamp": 1658185990777, "tick_direction": 0, "price": 0.009, "mark_price": 0.00787264, "iv": 86.23, "instrument_name": "BTC-30DEC22-70000-C", "index_price": 22147.92, "direction": "buy", "amount": 0.5}, {"trade_seq": 2336, "trade_id": "223328127", "timestamp": 1658140644612, "tick_direction": 1, "price": 0.0085, "mark_price": 0.00806142, "iv": 85.16, "instrument_name": "BTC-30DEC22-70000-C", "index_price": 22209.07, "direction": "buy", "amount": 2.1}, {"trade_seq": 2335, "trade_id": "223328126", "timestamp": 1658140644415, "tick_direction": 1, "price": 0.0085, "mark_price": 0.00806142, "iv": 85.16, "instrument_name": "BTC-30DEC22-70000-C", "index_price": 22209.07, "direction": "buy", "amount": 2.2}, {"trade_seq": 2334, "trade_id": "223328125", "timestamp": 1658140644415, "tick_direction": 0, "price": 0.0085, "mark_price": 0.00806142, "iv": 85.16, "instrument_name": "BTC-30DEC22-70000-C", "index_price": 22209.07, "direction": "buy", "amount": 2.0}, {"trade_seq": 2333, "trade_id": "223224020", "timestamp": 1658067564182, "tick_direction": 0, "price": 0.0065, "mark_price": 0.0070931, "iv": 84.06, "instrument_name": "BTC-30DEC22-70000-C", "index_price": 21201.22, "direction": "buy", "amount": 1.7}, {"trade_seq": 2332, "trade_id": "223177044", "timestamp": 1658019012990, "tick_direction": 3, "price": 0.0055, "mark_price": 0.00588022, "iv": 81.65, "instrument_name": "BTC-30DEC22-70000-C", "index_price": 21287.55, "direction": "sell", "amount": 0.1}, {"trade_seq": 2331, "trade_id": "223100535", "timestamp": 1657936546787, "tick_direction": 3, "price": 0.0055, "mark_price": 0.00556741, "iv": 82.99, "instrument_name": "BTC-30DEC22-70000-C", "index_price": 20700.46, "direction": "buy", "amount": 1.0}, {"trade_seq": 2330, "trade_id": "223100525", "timestamp": 1657936470840, "tick_direction": 2, "price": 0.0055, "mark_price": 0.00557665, "iv": 82.99, "instrument_name": "BTC-30DEC22-70000-C", "index_price": 20699.57, "direction": "sell", "amount": 1.0}, {"trade_seq": 2329, "trade_id": "222980510", "timestamp": 1657822946080, "tick_direction": 0, "price": 0.0065, "mark_price": 0.00578236, "iv": 84.8, "instrument_name": "BTC-30DEC22-70000-C", "index_price": 20659.96, "direction": "buy", "amount": 1.0}, {"trade_seq": 2328, "trade_id": "222566732", "timestamp": 1657521006501, "tick_direction": 3, "price": 0.006, "mark_price": 0.0060599, "iv": 83.56, "instrument_name": "BTC-30DEC22-70000-C", "index_price": 20410.28, "direction": "buy", "amount": 6.0}, {"trade_seq": 2327, "trade_id": "222566731", "timestamp": 1657521006468, "tick_direction": 3, "price": 0.006, "mark_price": 0.0060599, "iv": 83.56, "instrument_name": "BTC-30DEC22-70000-C", "index_price": 20410.28, "direction": "sell", "amount": 1.0}, {"trade_seq": 2326, "trade_id": "222566389", "timestamp": 1657520405857, "tick_direction": 2, "price": 0.006, "mark_price": 0.00635411, "iv": 83.56, "instrument_name": "BTC-30DEC22-70000-C", "index_price": 20409.78, "direction": "sell", "amount": 15.0}, {"trade_seq": 2325, "trade_id": "222372135", "timestamp": 1657288351491, "tick_direction": 3, "price": 0.007, "mark_price": 0.00719802, "iv": 82.6, "instrument_name": "BTC-30DEC22-70000-C", "index_price": 21236.77, "direction": "buy", "amount": 5.0}, {"trade_seq": 2324, "trade_id": "222365606", "timestamp": 1657284488635, "tick_direction": 3, "price": 0.007, "mark_price": 0.00713259, "iv": 82.64, "instrument_name": "BTC-30DEC22-70000-C", "index_price": 21224.73, "direction": "buy", "amount": 0.1}, {"trade_seq": 2323, "trade_id": "222365603", "timestamp": 1657284488043, "tick_direction": 3, "price": 0.007, "mark_price": 0.007122, "iv": 82.66, "instrument_name": "BTC-30DEC22-70000-C", "index_price": 21216.52, "direction": "buy", "amount": 1.9}, {"trade_seq": 2322, "trade_id": "222365602", "timestamp": 1657284487713, "tick_direction": 2, "price": 0.007, "mark_price": 0.007122, "iv": 82.65, "instrument_name": "BTC-30DEC22-70000-C", "index_price": 21216.52, "direction": "sell", "amount": 2.0}, {"trade_seq": 2321, "trade_id": "222305004", "timestamp": 1657243662022, "tick_direction": 0, "price": 0.008, "mark_price": 0.0079438, "iv": 82.62, "instrument_name": "BTC-30DEC22-70000-C", "index_price": 21863.42, "direction": "buy", "amount": 1.0}, {"trade_seq": 2320, "trade_id": "221764109", "timestamp": 1656850833733, "tick_direction": 2, "price": 0.007, "mark_price": 0.00649705, "iv": 87.2, "instrument_name": "BTC-30DEC22-70000-C", "index_price": 19069.76, "direction": "sell", "amount": 1.0}, {"trade_seq": 2319, "trade_id": "221522387", "timestamp": 1656633373626, "tick_direction": 0, "price": 0.0075, "mark_price": 0.00665505, "iv": 85.67, "instrument_name": "BTC-30DEC22-70000-C", "index_price": 19800.65, "direction": "buy", "amount": 1.3}, {"trade_seq": 2318, "trade_id": "221281053", "timestamp": 1656493006145, "tick_direction": 2, "price": 0.007, "mark_price": 0.00722297, "iv": 83.9, "instrument_name": "BTC-30DEC22-70000-C", "index_price": 19970.66, "direction": "sell", "amount": 0.3}, {"trade_seq": 2317, "trade_id": "221210309", "timestamp": 1656444873601, "tick_direction": 2, "price": 0.0075, "mark_price": 0.00796329, "iv": 83.68, "instrument_name": "BTC-30DEC22-70000-C", "index_price": 20323.07, "direction": "sell", "amount": 0.4}, {"trade_seq": 2316, "trade_id": "221168434", "timestamp": 1656417226379, "tick_direction": 3, "price": 0.008, "mark_price": 0.00809443, "iv": 82.65, "instrument_name": "BTC-30DEC22-70000-C", "index_price": 21007.25, "direction": "buy", "amount": 1.5}, {"trade_seq": 2315, "trade_id": "221168433", "timestamp": 1656417226377, "tick_direction": 3, "price": 0.008, "mark_price": 0.00809443, "iv": 82.65, "instrument_name": "BTC-30DEC22-70000-C", "index_price": 21007.25, "direction": "sell", "amount": 2.0}, {"trade_seq": 2314, "trade_id": "221168432", "timestamp": 1656417226377, "tick_direction": 2, "price": 0.008, "mark_price": 0.00809443, "iv": 82.65, "instrument_name": "BTC-30DEC22-70000-C", "index_price": 21007.25, "direction": "sell", "amount": 1.5}, {"trade_seq": 2313, "trade_id": "221059752", "timestamp": 1656301658906, "tick_direction": 0, "price": 0.0085, "mark_price": 0.00876077, "iv": 82.86, "instrument_name": "BTC-30DEC22-70000-C", "index_price": 21115.49, "direction": "sell", "amount": 1.0}, {"trade_seq": 2312, "trade_id": "220858688", "timestamp": 1656060243397, "tick_direction": 2, "price": 0.008, "mark_price": 0.0080386, "iv": 81.85, "instrument_name": "BTC-30DEC22-70000-C", "index_price": 21006.65, "direction": "sell", "amount": 2.0}, {"trade_seq": 2311, "trade_id": "220848987", "timestamp": 1656057559524, "tick_direction": 1, "price": 0.0085, "mark_price": 0.00898515, "iv": 82.91, "instrument_name": "BTC-30DEC22-70000-C", "index_price": 20921.98, "direction": "sell", "amount": 1.7}, {"trade_seq": 2310, "trade_id": "220848986", "timestamp": 1656057559522, "tick_direction": 1, "price": 0.0085, "mark_price": 0.00898515, "iv": 82.91, "instrument_name": "BTC-30DEC22-70000-C", "index_price": 20921.98, "direction": "sell", "amount": 2.7}, {"trade_seq": 2309, "trade_id": "220848985", "timestamp": 1656057559486, "tick_direction": 0, "price": 0.0085, "mark_price": 0.00898515, "iv": 82.91, "instrument_name": "BTC-30DEC22-70000-C", "index_price": 20921.98, "direction": "sell", "amount": 4.0}, {"trade_seq": 2308, "trade_id": "220818497", "timestamp": 1656038461503, "tick_direction": 2, "price": 0.0075, "mark_price": 0.00836042, "iv": 80.46, "instrument_name": "BTC-30DEC22-70000-C", "index_price": 21247.02, "direction": "sell", "amount": 0.1}, {"trade_seq": 2307, "trade_id": "220807864", "timestamp": 1656029034097, "tick_direction": 3, "price": 0.008, "mark_price": 0.00821017, "iv": 81.67, "instrument_name": "BTC-30DEC22-70000-C", "index_price": 21065.85, "direction": "sell", "amount": 1.9}, {"trade_seq": 2306, "trade_id": "220692042", "timestamp": 1655971909644, "tick_direction": 3, "price": 0.008, "mark_price": 0.00770873, "iv": 82.79, "instrument_name": "BTC-30DEC22-70000-C", "index_price": 20578.04, "direction": "buy", "amount": 0.9}, {"trade_seq": 2305, "trade_id": "220692037", "timestamp": 1655971909489, "tick_direction": 3, "price": 0.008, "mark_price": 0.00770873, "iv": 82.79, "instrument_name": "BTC-30DEC22-70000-C", "index_price": 20578.04, "direction": "buy", "amount": 1.3}, {"trade_seq": 2304, "trade_id": "220630825", "timestamp": 1655930926600, "tick_direction": 3, "price": 0.008, "mark_price": 0.00793464, "iv": 84.46, "instrument_name": "BTC-30DEC22-70000-C", "index_price": 19902.37, "direction": "buy", "amount": 0.2}, {"trade_seq": 2303, "trade_id": "220630823", "timestamp": 1655930926226, "tick_direction": 3, "price": 0.008, "mark_price": 0.00793538, "iv": 84.46, "instrument_name": "BTC-30DEC22-70000-C", "index_price": 19902.37, "direction": "buy", "amount": 0.2}, {"trade_seq": 2302, "trade_id": "220630822", "timestamp": 1655930926206, "tick_direction": 3, "price": 0.008, "mark_price": 0.00793538, "iv": 84.46, "instrument_name": "BTC-30DEC22-70000-C", "index_price": 19902.37, "direction": "buy", "amount": 0.2}, {"trade_seq": 2301, "trade_id": "220630821", "timestamp": 1655930926194, "tick_direction": 3, "price": 0.008, "mark_price": 0.00793538, "iv": 84.46, "instrument_name": "BTC-30DEC22-70000-C", "index_price": 19902.37, "direction": "buy", "amount": 0.1}, {"trade_seq": 2300, "trade_id": "220630820", "timestamp": 1655930926159, "tick_direction": 3, "price": 0.008, "mark_price": 0.00793538, "iv": 84.46, "instrument_name": "BTC-30DEC22-70000-C", "index_price": 19902.37, "direction": "buy", "amount": 0.1}, {"trade_seq": 2299, "trade_id": "220630818", "timestamp": 1655930925955, "tick_direction": 3, "price": 0.008, "mark_price": 0.00793538, "iv": 84.48, "instrument_name": "BTC-30DEC22-70000-C", "index_price": 19897.58, "direction": "buy", "amount": 0.1}, {"trade_seq": 2298, "trade_id": "220630817", "timestamp": 1655930925947, "tick_direction": 3, "price": 0.008, "mark_price": 0.00793538, "iv": 84.48, "instrument_name": "BTC-30DEC22-70000-C", "index_price": 19897.58, "direction": "buy", "amount": 0.1}, {"trade_seq": 2297, "trade_id": "220630816", "timestamp": 1655930925655, "tick_direction": 3, "price": 0.008, "mark_price": 0.00793538, "iv": 84.48, "instrument_name": "BTC-30DEC22-70000-C", "index_price": 19897.58, "direction": "buy", "amount": 0.2}, {"trade_seq": 2296, "trade_id": "220630811", "timestamp": 1655930925366, "tick_direction": 3, "price": 0.008, "mark_price": 0.00794284, "iv": 84.48, "instrument_name": "BTC-30DEC22-70000-C", "index_price": 19897.58, "direction": "buy", "amount": 0.2}, {"trade_seq": 2295, "trade_id": "220630810", "timestamp": 1655930925193, "tick_direction": 3, "price": 0.008, "mark_price": 0.00794284, "iv": 84.48, "instrument_name": "BTC-30DEC22-70000-C", "index_price": 19897.58, "direction": "buy", "amount": 0.1}, {"trade_seq": 2294, "trade_id": "220630806", "timestamp": 1655930925062, "tick_direction": 3, "price": 0.008, "mark_price": 0.00794284, "iv": 84.48, "instrument_name": "BTC-30DEC22-70000-C", "index_price": 19897.58, "direction": "buy", "amount": 0.1}, {"trade_seq": 2293, "trade_id": "220630805", "timestamp": 1655930925021, "tick_direction": 3, "price": 0.008, "mark_price": 0.00794284, "iv": 84.48, "instrument_name": "BTC-30DEC22-70000-C", "index_price": 19897.58, "direction": "buy", "amount": 0.3}, {"trade_seq": 2292, "trade_id": "220630804", "timestamp": 1655930924904, "tick_direction": 3, "price": 0.008, "mark_price": 0.00794284, "iv": 84.49, "instrument_name": "BTC-30DEC22-70000-C", "index_price": 19889.88, "direction": "buy", "amount": 0.1}, {"trade_seq": 2291, "trade_id": "220630799", "timestamp": 1655930924554, "tick_direction": 3, "price": 0.008, "mark_price": 0.00794284, "iv": 84.49, "instrument_name": "BTC-30DEC22-70000-C", "index_price": 19889.88, "direction": "buy", "amount": 0.1}, {"trade_seq": 2290, "trade_id": "220630798", "timestamp": 1655930924511, "tick_direction": 3, "price": 0.008, "mark_price": 0.00794284, "iv": 84.49, "instrument_name": "BTC-30DEC22-70000-C", "index_price": 19889.88, "direction": "buy", "amount": 0.2}, {"trade_seq": 2289, "trade_id": "220630797", "timestamp": 1655930924488, "tick_direction": 3, "price": 0.008, "mark_price": 0.00794284, "iv": 84.49, "instrument_name": "BTC-30DEC22-70000-C", "index_price": 19889.88, "direction": "buy", "amount": 0.1}, {"trade_seq": 2288, "trade_id": "220630796", "timestamp": 1655930924462, "tick_direction": 3, "price": 0.008, "mark_price": 0.00795838, "iv": 84.49, "instrument_name": "BTC-30DEC22-70000-C", "index_price": 19889.88, "direction": "buy", "amount": 0.1}, {"trade_seq": 2287, "trade_id": "220630795", "timestamp": 1655930924433, "tick_direction": 3, "price": 0.008, "mark_price": 0.00795838, "iv": 84.49, "instrument_name": "BTC-30DEC22-70000-C", "index_price": 19889.88, "direction": "buy", "amount": 0.2}, {"trade_seq": 2286, "trade_id": "220630794", "timestamp": 1655930924286, "tick_direction": 3, "price": 0.008, "mark_price": 0.00795838, "iv": 84.49, "instrument_name": "BTC-30DEC22-70000-C", "index_price": 19889.88, "direction": "buy", "amount": 0.1}, {"trade_seq": 2285, "trade_id": "220630792", "timestamp": 1655930924236, "tick_direction": 3, "price": 0.008, "mark_price": 0.00795838, "iv": 84.49, "instrument_name": "BTC-30DEC22-70000-C", "index_price": 19889.88, "direction": "buy", "amount": 0.2}, {"trade_seq": 2284, "trade_id": "220630791", "timestamp": 1655930924138, "tick_direction": 3, "price": 0.008, "mark_price": 0.00795838, "iv": 84.49, "instrument_name": "BTC-30DEC22-70000-C", "index_price": 19889.88, "direction": "buy", "amount": 0.1}, {"trade_seq": 2283, "trade_id": "220630790", "timestamp": 1655930924046, "tick_direction": 3, "price": 0.008, "mark_price": 0.00795838, "iv": 84.49, "instrument_name": "BTC-30DEC22-70000-C", "index_price": 19889.88, "direction": "buy", "amount": 0.2}, {"trade_seq": 2282, "trade_id": "220630789", "timestamp": 1655930923994, "tick_direction": 3, "price": 0.008, "mark_price": 0.00795838, "iv": 84.49, "instrument_name": "BTC-30DEC22-70000-C", "index_price": 19889.88, "direction": "buy", "amount": 0.2}, {"trade_seq": 2281, "trade_id": "220630788", "timestamp": 1655930923980, "tick_direction": 3, "price": 0.008, "mark_price": 0.00795838, "iv": 84.49, "instrument_name": "BTC-30DEC22-70000-C", "index_price": 19889.88, "direction": "buy", "amount": 0.2}, {"trade_seq": 2280, "trade_id": "220630780", "timestamp": 1655930923908, "tick_direction": 3, "price": 0.008, "mark_price": 0.00795838, "iv": 84.49, "instrument_name": "BTC-30DEC22-70000-C", "index_price": 19886.37, "direction": "buy", "amount": 0.1}, {"trade_seq": 2279, "trade_id": "220630777", "timestamp": 1655930923799, "tick_direction": 3, "price": 0.008, "mark_price": 0.00795838, "iv": 84.49, "instrument_name": "BTC-30DEC22-70000-C", "index_price": 19886.37, "direction": "buy", "amount": 0.2}, {"trade_seq": 2278, "trade_id": "220630776", "timestamp": 1655930923787, "tick_direction": 3, "price": 0.008, "mark_price": 0.00795838, "iv": 84.49, "instrument_name": "BTC-30DEC22-70000-C", "index_price": 19886.37, "direction": "buy", "amount": 0.2}, {"trade_seq": 2277, "trade_id": "220630775", "timestamp": 1655930923759, "tick_direction": 3, "price": 0.008, "mark_price": 0.00795838, "iv": 84.49, "instrument_name": "BTC-30DEC22-70000-C", "index_price": 19886.37, "direction": "buy", "amount": 0.1}, {"trade_seq": 2276, "trade_id": "220630773", "timestamp": 1655930923647, "tick_direction": 3, "price": 0.008, "mark_price": 0.00795838, "iv": 84.49, "instrument_name": "BTC-30DEC22-70000-C", "index_price": 19886.37, "direction": "buy", "amount": 0.1}, {"trade_seq": 2275, "trade_id": "220630772", "timestamp": 1655930923637, "tick_direction": 3, "price": 0.008, "mark_price": 0.00795838, "iv": 84.49, "instrument_name": "BTC-30DEC22-70000-C", "index_price": 19886.37, "direction": "buy", "amount": 0.3}, {"trade_seq": 2274, "trade_id": "220630771", "timestamp": 1655930923591, "tick_direction": 3, "price": 0.008, "mark_price": 0.00795838, "iv": 84.49, "instrument_name": "BTC-30DEC22-70000-C", "index_price": 19886.37, "direction": "buy", "amount": 0.3}, {"trade_seq": 2273, "trade_id": "220630770", "timestamp": 1655930923157, "tick_direction": 3, "price": 0.008, "mark_price": 0.00798125, "iv": 84.49, "instrument_name": "BTC-30DEC22-70000-C", "index_price": 19886.37, "direction": "buy", "amount": 0.5}, {"trade_seq": 2272, "trade_id": "220630769", "timestamp": 1655930923144, "tick_direction": 3, "price": 0.008, "mark_price": 0.00798125, "iv": 84.49, "instrument_name": "BTC-30DEC22-70000-C", "index_price": 19886.37, "direction": "buy", "amount": 0.7}, {"trade_seq": 2271, "trade_id": "220630768", "timestamp": 1655930923129, "tick_direction": 3, "price": 0.008, "mark_price": 0.00798125, "iv": 84.49, "instrument_name": "BTC-30DEC22-70000-C", "index_price": 19886.37, "direction": "buy", "amount": 1.1}, {"trade_seq": 2270, "trade_id": "220627290", "timestamp": 1655929461997, "tick_direction": 3, "price": 0.008, "mark_price": 0.00817903, "iv": 83.8, "instrument_name": "BTC-30DEC22-70000-C", "index_price": 20145.31, "direction": "buy", "amount": 1.8}, {"trade_seq": 2269, "trade_id": "220627289", "timestamp": 1655929461947, "tick_direction": 2, "price": 0.008, "mark_price": 0.00817903, "iv": 83.8, "instrument_name": "BTC-30DEC22-70000-C", "index_price": 20145.31, "direction": "buy", "amount": 2.7}, {"trade_seq": 2268, "trade_id": "220587679", "timestamp": 1655910504489, "tick_direction": 3, "price": 0.0085, "mark_price": 0.00795769, "iv": 83.57, "instrument_name": "BTC-30DEC22-70000-C", "index_price": 20549.52, "direction": "buy", "amount": 0.1}, {"trade_seq": 2267, "trade_id": "220587678", "timestamp": 1655910504474, "tick_direction": 3, "price": 0.0085, "mark_price": 0.00795769, "iv": 83.57, "instrument_name": "BTC-30DEC22-70000-C", "index_price": 20549.52, "direction": "buy", "amount": 0.1}, {"trade_seq": 2266, "trade_id": "220587677", "timestamp": 1655910504421, "tick_direction": 3, "price": 0.0085, "mark_price": 0.00795769, "iv": 83.57, "instrument_name": "BTC-30DEC22-70000-C", "index_price": 20549.52, "direction": "buy", "amount": 0.1}, {"trade_seq": 2265, "trade_id": "220587676", "timestamp": 1655910504360, "tick_direction": 3, "price": 0.0085, "mark_price": 0.00795769, "iv": 83.57, "instrument_name": "BTC-30DEC22-70000-C", "index_price": 20549.52, "direction": "buy", "amount": 0.2}, {"trade_seq": 2264, "trade_id": "220587674", "timestamp": 1655910503797, "tick_direction": 3, "price": 0.0085, "mark_price": 0.00795769, "iv": 83.57, "instrument_name": "BTC-30DEC22-70000-C", "index_price": 20548.3, "direction": "buy", "amount": 0.4}, {"trade_seq": 2263, "trade_id": "220587673", "timestamp": 1655910503745, "tick_direction": 3, "price": 0.0085, "mark_price": 0.00795769, "iv": 83.57, "instrument_name": "BTC-30DEC22-70000-C", "index_price": 20548.3, "direction": "buy", "amount": 0.5}, {"trade_seq": 2262, "trade_id": "220587672", "timestamp": 1655910503729, "tick_direction": 3, "price": 0.0085, "mark_price": 0.00795769, "iv": 83.57, "instrument_name": "BTC-30DEC22-70000-C", "index_price": 20548.3, "direction": "buy", "amount": 0.4}, {"trade_seq": 2261, "trade_id": "220587659", "timestamp": 1655910502270, "tick_direction": 3, "price": 0.0085, "mark_price": 0.00796681, "iv": 83.57, "instrument_name": "BTC-30DEC22-70000-C", "index_price": 20548.37, "direction": "buy", "amount": 0.8}, {"trade_seq": 2260, "trade_id": "220586906", "timestamp": 1655910175197, "tick_direction": 3, "price": 0.0085, "mark_price": 0.00796916, "iv": 83.53, "instrument_name": "BTC-30DEC22-70000-C", "index_price": 20552.86, "direction": "buy", "amount": 0.1}, {"trade_seq": 2259, "trade_id": "220586895", "timestamp": 1655910174252, "tick_direction": 3, "price": 0.0085, "mark_price": 0.00797757, "iv": 83.53, "instrument_name": "BTC-30DEC22-70000-C", "index_price": 20552.73, "direction": "buy", "amount": 0.1}, {"trade_seq": 2258, "trade_id": "220586894", "timestamp": 1655910173594, "tick_direction": 3, "price": 0.0085, "mark_price": 0.00798774, "iv": 83.53, "instrument_name": "BTC-30DEC22-70000-C", "index_price": 20555.04, "direction": "buy", "amount": 0.1}, {"trade_seq": 2257, "trade_id": "220586893", "timestamp": 1655910173584, "tick_direction": 3, "price": 0.0085, "mark_price": 0.00798774, "iv": 83.53, "instrument_name": "BTC-30DEC22-70000-C", "index_price": 20555.04, "direction": "buy", "amount": 0.3}, {"trade_seq": 2256, "trade_id": "220586885", "timestamp": 1655910173061, "tick_direction": 3, "price": 0.0085, "mark_price": 0.00798774, "iv": 83.52, "instrument_name": "BTC-30DEC22-70000-C", "index_price": 20555.04, "direction": "buy", "amount": 0.3}, {"trade_seq": 2255, "trade_id": "220586884", "timestamp": 1655910172869, "tick_direction": 3, "price": 0.0085, "mark_price": 0.00799482, "iv": 83.52, "instrument_name": "BTC-30DEC22-70000-C", "index_price": 20555.04, "direction": "buy", "amount": 0.4}, {"trade_seq": 2254, "trade_id": "220586883", "timestamp": 1655910172386, "tick_direction": 3, "price": 0.0085, "mark_price": 0.00799482, "iv": 83.52, "instrument_name": "BTC-30DEC22-70000-C", "index_price": 20558.61, "direction": "buy", "amount": 0.6}, {"trade_seq": 2253, "trade_id": "220586882", "timestamp": 1655910172371, "tick_direction": 3, "price": 0.0085, "mark_price": 0.00799482, "iv": 83.52, "instrument_name": "BTC-30DEC22-70000-C", "index_price": 20558.61, "direction": "buy", "amount": 0.9}, {"trade_seq": 2252, "trade_id": "220586881", "timestamp": 1655910172348, "tick_direction": 3, "price": 0.0085, "mark_price": 0.00799482, "iv": 83.52, "instrument_name": "BTC-30DEC22-70000-C", "index_price": 20558.61, "direction": "buy", "amount": 1.4}, {"trade_seq": 2251, "trade_id": "220586877", "timestamp": 1655910172132, "tick_direction": 2, "price": 0.0085, "mark_price": 0.00799482, "iv": 83.52, "instrument_name": "BTC-30DEC22-70000-C", "index_price": 20558.61, "direction": "buy", "amount": 2.3}, {"trade_seq": 2250, "trade_id": "220531069", "timestamp": 1655880389765, "tick_direction": 0, "price": 0.009, "mark_price": 0.00841724, "iv": 85.36, "instrument_name": "BTC-30DEC22-70000-C", "index_price": 20102.39, "direction": "sell", "amount": 2.0}, {"trade_seq": 2249, "trade_id": "220527570", "timestamp": 1655879327514, "tick_direction": 2, "price": 0.0085, "mark_price": 0.00814409, "iv": 84.81, "instrument_name": "BTC-30DEC22-70000-C", "index_price": 20020.86, "direction": "sell", "amount": 1.0}, {"trade_seq": 2248, "trade_id": "220459239", "timestamp": 1655836635730, "tick_direction": 0, "price": 0.0095, "mark_price": 0.00845734, "iv": 83.35, "instrument_name": "BTC-30DEC22-70000-C", "index_price": 21121.83, "direction": "sell", "amount": 0.7}, {"trade_seq": 2247, "trade_id": "219825789", "timestamp": 1655585688460, "tick_direction": 3, "price": 0.007, "mark_price": 0.00969916, "iv": 87.78, "instrument_name": "BTC-30DEC22-70000-C", "index_price": 17652.29, "direction": "sell", "amount": 2.9}, {"trade_seq": 2246, "trade_id": "219825470", "timestamp": 1655585647172, "tick_direction": 3, "price": 0.007, "mark_price": 0.00953963, "iv": 87.82, "instrument_name": "BTC-30DEC22-70000-C", "index_price": 17646.18, "direction": "buy", "amount": 0.1}, {"trade_seq": 2245, "trade_id": "219825469", "timestamp": 1655585647169, "tick_direction": 3, "price": 0.007, "mark_price": 0.00953963, "iv": 87.82, "instrument_name": "BTC-30DEC22-70000-C", "index_price": 17646.18, "direction": "sell", "amount": 2.3}, {"trade_seq": 2244, "trade_id": "219821955", "timestamp": 1655584893895, "tick_direction": 3, "price": 0.007, "mark_price": 0.0063906, "iv": 87.27, "instrument_name": "BTC-30DEC22-70000-C", "index_price": 17816.35, "direction": "buy", "amount": 31.4}, {"trade_seq": 2243, "trade_id": "219811874", "timestamp": 1655583269410, "tick_direction": 3, "price": 0.007, "mark_price": 0.00657006, "iv": 86.97, "instrument_name": "BTC-30DEC22-70000-C", "index_price": 17969.6, "direction": "buy", "amount": 6.9}, {"trade_seq": 2242, "trade_id": "219809656", "timestamp": 1655583167848, "tick_direction": 2, "price": 0.007, "mark_price": 0.0065522, "iv": 87.57, "instrument_name": "BTC-30DEC22-70000-C", "index_price": 17755.34, "direction": "buy", "amount": 6.7}, {"trade_seq": 2241, "trade_id": "219657326", "timestamp": 1655537368558, "tick_direction": 2, "price": 0.0075, "mark_price": 0.00823105, "iv": 84.39, "instrument_name": "BTC-30DEC22-70000-C", "index_price": 19210.64, "direction": "sell", "amount": 6.4}, {"trade_seq": 2240, "trade_id": "219570056", "timestamp": 1655493354988, "tick_direction": 2, "price": 0.0085, "mark_price": 0.00835085, "iv": 82.52, "instrument_name": "BTC-30DEC22-70000-C", "index_price": 20472.14, "direction": "sell", "amount": 2.0}, {"trade_seq": 2239, "trade_id": "219395265", "timestamp": 1655425563446, "tick_direction": 1, "price": 0.011, "mark_price": 0.01080297, "iv": 85.6, "instrument_name": "BTC-30DEC22-70000-C", "index_price": 20495.35, "direction": "buy", "amount": 1.0}, {"trade_seq": 2238, "trade_id": "219395211", "timestamp": 1655425549092, "tick_direction": 0, "price": 0.011, "mark_price": 0.01088854, "iv": 85.61, "instrument_name": "BTC-30DEC22-70000-C", "index_price": 20485.23, "direction": "buy", "amount": 1.0}, {"trade_seq": 2237, "trade_id": "219379866", "timestamp": 1655420756692, "tick_direction": 2, "price": 0.01, "mark_price": 0.01093968, "iv": 84.73, "instrument_name": "BTC-30DEC22-70000-C", "index_price": 20328.52, "direction": "sell", "amount": 13.0}, {"trade_seq": 2236, "trade_id": "219370148", "timestamp": 1655416433008, "tick_direction": 0, "price": 0.0115, "mark_price": 0.01126201, "iv": 85.62, "instrument_name": "BTC-30DEC22-70000-C", "index_price": 20715.23, "direction": "sell", "amount": 0.5}, {"trade_seq": 2235, "trade_id": "219303774", "timestamp": 1655393004498, "tick_direction": 2, "price": 0.01, "mark_price": 0.01056857, "iv": 82.69, "instrument_name": "BTC-30DEC22-70000-C", "index_price": 21101.99, "direction": "sell", "amount": 1.4}, {"trade_seq": 2234, "trade_id": "219228378", "timestamp": 1655370471688, "tick_direction": 1, "price": 0.0105, "mark_price": 0.01182953, "iv": 82.48, "instrument_name": "BTC-30DEC22-70000-C", "index_price": 21458.75, "direction": "sell", "amount": 2.5}, {"trade_seq": 2233, "trade_id": "219228286", "timestamp": 1655370449740, "tick_direction": 0, "price": 0.0105, "mark_price": 0.01180152, "iv": 82.44, "instrument_name": "BTC-30DEC22-70000-C", "index_price": 21463.79, "direction": "sell", "amount": 2.3}, {"trade_seq": 2232, "trade_id": "219194795", "timestamp": 1655349761490, "tick_direction": 3, "price": 0.0095, "mark_price": 0.01028087, "iv": 79.09, "instrument_name": "BTC-30DEC22-70000-C", "index_price": 22285.53, "direction": "sell", "amount": 0.8}, {"trade_seq": 2231, "trade_id": "219194139", "timestamp": 1655349521207, "tick_direction": 2, "price": 0.0095, "mark_price": 0.01026382, "iv": 79.02, "instrument_name": "BTC-30DEC22-70000-C", "index_price": 22298.32, "direction": "sell", "amount": 3.2}, {"trade_seq": 2230, "trade_id": "219181865", "timestamp": 1655340768209, "tick_direction": 2, "price": 0.01, "mark_price": 0.01054604, "iv": 79.14, "instrument_name": "BTC-30DEC22-70000-C", "index_price": 22557.15, "direction": "sell", "amount": 0.2}, {"trade_seq": 2229, "trade_id": "219018178", "timestamp": 1655307901233, "tick_direction": 3, "price": 0.011, "mark_price": 0.01087875, "iv": 83.34, "instrument_name": "BTC-30DEC22-70000-C", "index_price": 21288.29, "direction": "buy", "amount": 0.3}, {"trade_seq": 2228, "trade_id": "219018177", "timestamp": 1655307901150, "tick_direction": 2, "price": 0.011, "mark_price": 0.01087875, "iv": 83.34, "instrument_name": "BTC-30DEC22-70000-C", "index_price": 21288.29, "direction": "buy", "amount": 0.1}, {"trade_seq": 2227, "trade_id": "218906845", "timestamp": 1655284119206, "tick_direction": 0, "price": 0.013, "mark_price": 0.01216699, "iv": 88.63, "instrument_name": "BTC-30DEC22-70000-C", "index_price": 20176.25, "direction": "buy", "amount": 2.0}, {"trade_seq": 2226, "trade_id": "218891487", "timestamp": 1655281500629, "tick_direction": 0, "price": 0.0125, "mark_price": 0.01183998, "iv": 87.51, "instrument_name": "BTC-30DEC22-70000-C", "index_price": 20365.62, "direction": "sell", "amount": 0.1}, {"trade_seq": 2225, "trade_id": "218835462", "timestamp": 1655268903469, "tick_direction": 0, "price": 0.012, "mark_price": 0.01207899, "iv": 84.69, "instrument_name": "BTC-30DEC22-70000-C", "index_price": 21235.26, "direction": "buy", "amount": 2.0}, {"trade_seq": 2224, "trade_id": "218816534", "timestamp": 1655264570549, "tick_direction": 1, "price": 0.0115, "mark_price": 0.01189775, "iv": 83.14, "instrument_name": "BTC-30DEC22-70000-C", "index_price": 21553.41, "direction": "buy", "amount": 0.1}, {"trade_seq": 2223, "trade_id": "218816533", "timestamp": 1655264570534, "tick_direction": 0, "price": 0.0115, "mark_price": 0.01189775, "iv": 83.14, "instrument_name": "BTC-30DEC22-70000-C", "index_price": 21553.41, "direction": "sell", "amount": 2.9}, {"trade_seq": 2222, "trade_id": "218667394", "timestamp": 1655217558537, "tick_direction": 2, "price": 0.0105, "mark_price": 0.01073163, "iv": 80.23, "instrument_name": "BTC-30DEC22-70000-C", "index_price": 22188.99, "direction": "buy", "amount": 0.5}, {"trade_seq": 2221, "trade_id": "218468986", "timestamp": 1655182230537, "tick_direction": 1, "price": 0.012, "mark_price": 0.01175892, "iv": 82.51, "instrument_name": "BTC-30DEC22-70000-C", "index_price": 21897.65, "direction": "sell", "amount": 1.7}, {"trade_seq": 2220, "trade_id": "218468979", "timestamp": 1655182221292, "tick_direction": 1, "price": 0.012, "mark_price": 0.01172395, "iv": 82.56, "instrument_name": "BTC-30DEC22-70000-C", "index_price": 21880.66, "direction": "sell", "amount": 1.5}, {"trade_seq": 2219, "trade_id": "218468959", "timestamp": 1655182212101, "tick_direction": 0, "price": 0.012, "mark_price": 0.01173413, "iv": 82.53, "instrument_name": "BTC-30DEC22-70000-C", "index_price": 21894.64, "direction": "sell", "amount": 1.7}, {"trade_seq": 2218, "trade_id": "218431765", "timestamp": 1655174207534, "tick_direction": 0, "price": 0.0115, "mark_price": 0.01156648, "liquidation": "M", "iv": 84.02, "instrument_name": "BTC-30DEC22-70000-C", "index_price": 21058.98, "direction": "sell", "amount": 4.0}, {"trade_seq": 2217, "trade_id": "218332723", "timestamp": 1655163944194, "tick_direction": 2, "price": 0.0095, "mark_price": 0.01100223, "iv": 78.24, "instrument_name": "BTC-30DEC22-70000-C", "index_price": 22343.09, "direction": "sell", "amount": 1.0}, {"trade_seq": 2216, "trade_id": "218296696", "timestamp": 1655156765833, "tick_direction": 2, "price": 0.01, "mark_price": 0.0104642, "iv": 77.5, "instrument_name": "BTC-30DEC22-70000-C", "index_price": 22929.89, "direction": "sell", "amount": 1.5}, {"trade_seq": 2215, "trade_id": "218245673", "timestamp": 1655140653838, "tick_direction": 2, "price": 0.0115, "mark_price": 0.01156997, "iv": 78.08, "instrument_name": "BTC-30DEC22-70000-C", "index_price": 23437.63, "direction": "sell", "amount": 0.1}, {"trade_seq": 2214, "trade_id": "218159672", "timestamp": 1655129419287, "tick_direction": 1, "price": 0.0125, "mark_price": 0.01235662, "iv": 79.44, "instrument_name": "BTC-30DEC22-70000-C", "index_price": 23383.18, "direction": "sell", "amount": 10.0}, {"trade_seq": 2213, "trade_id": "218118798", "timestamp": 1655123983081, "tick_direction": 0, "price": 0.0125, "mark_price": 0.01270685, "iv": 77.8, "instrument_name": "BTC-30DEC22-70000-C", "index_price": 24054.83, "direction": "sell", "amount": 2.8}, {"trade_seq": 2212, "trade_id": "218094492", "timestamp": 1655118775631, "tick_direction": 3, "price": 0.0115, "mark_price": 0.01217561, "iv": 77.23, "instrument_name": "BTC-30DEC22-70000-C", "index_price": 23793.17, "direction": "sell", "amount": 6.0}, {"trade_seq": 2211, "trade_id": "218094478", "timestamp": 1655118775149, "tick_direction": 2, "price": 0.0115, "mark_price": 0.01217561, "iv": 77.23, "instrument_name": "BTC-30DEC22-70000-C", "index_price": 23794.92, "direction": "sell", "amount": 3.5}, {"trade_seq": 2210, "trade_id": "218083346", "timestamp": 1655115409528, "tick_direction": 3, "price": 0.013, "mark_price": 0.01282226, "iv": 78.78, "instrument_name": "BTC-30DEC22-70000-C", "index_price": 23826.53, "direction": "sell", "amount": 3.0}, {"trade_seq": 2209, "trade_id": "218078811", "timestamp": 1655114640977, "tick_direction": 2, "price": 0.013, "mark_price": 0.01293346, "iv": 78.38, "instrument_name": "BTC-30DEC22-70000-C", "index_price": 24012.93, "direction": "sell", "amount": 1.0}, {"trade_seq": 2208, "trade_id": "218075636", "timestamp": 1655114194592, "tick_direction": 0, "price": 0.014, "mark_price": 0.01303396, "iv": 79.47, "instrument_name": "BTC-30DEC22-70000-C", "index_price": 24016.7, "direction": "sell", "amount": 0.2}, {"trade_seq": 2207, "trade_id": "218072262", "timestamp": 1655113712771, "tick_direction": 2, "price": 0.013, "mark_price": 0.01347923, "iv": 78.7, "instrument_name": "BTC-30DEC22-70000-C", "index_price": 23881.19, "direction": "sell", "amount": 15.0}, {"trade_seq": 2206, "trade_id": "218071474", "timestamp": 1655113611888, "tick_direction": 0, "price": 0.0135, "mark_price": 0.01365168, "iv": 79.24, "instrument_name": "BTC-30DEC22-70000-C", "index_price": 23882.41, "direction": "sell", "amount": 2.0}, {"trade_seq": 2205, "trade_id": "218071371", "timestamp": 1655113605982, "tick_direction": 2, "price": 0.013, "mark_price": 0.01369644, "iv": 78.68, "instrument_name": "BTC-30DEC22-70000-C", "index_price": 23867.58, "direction": "sell", "amount": 14.0}, {"trade_seq": 2204, "trade_id": "218071366", "timestamp": 1655113605959, "tick_direction": 1, "price": 0.0135, "mark_price": 0.01369644, "iv": 79.22, "instrument_name": "BTC-30DEC22-70000-C", "index_price": 23867.58, "direction": "sell", "amount": 2.3}, {"trade_seq": 2203, "trade_id": "218070535", "timestamp": 1655113534782, "tick_direction": 1, "price": 0.0135, "mark_price": 0.01332094, "iv": 79.49, "instrument_name": "BTC-30DEC22-70000-C", "index_price": 23777.94, "direction": "sell", "amount": 2.5}, {"trade_seq": 2202, "trade_id": "218069625", "timestamp": 1655113413656, "tick_direction": 1, "price": 0.0135, "mark_price": 0.0133469, "iv": 79.39, "instrument_name": "BTC-30DEC22-70000-C", "index_price": 23804.83, "direction": "sell", "amount": 2.0}, {"trade_seq": 2201, "trade_id": "218069472", "timestamp": 1655113405551, "tick_direction": 0, "price": 0.0135, "mark_price": 0.01326301, "iv": 79.45, "instrument_name": "BTC-30DEC22-70000-C", "index_price": 23784.65, "direction": "sell", "amount": 2.6}, {"trade_seq": 2200, "trade_id": "218068649", "timestamp": 1655113354605, "tick_direction": 1, "price": 0.013, "mark_price": 0.01290026, "iv": 78.87, "instrument_name": "BTC-30DEC22-70000-C", "index_price": 23803.17, "direction": "sell", "amount": 1.0}, {"trade_seq": 2199, "trade_id": "218068635", "timestamp": 1655113353510, "tick_direction": 0, "price": 0.013, "mark_price": 0.01287928, "iv": 78.89, "instrument_name": "BTC-30DEC22-70000-C", "index_price": 23809.94, "direction": "sell", "amount": 1.0}, {"trade_seq": 2198, "trade_id": "218060736", "timestamp": 1655112519670, "tick_direction": 1, "price": 0.0125, "mark_price": 0.01254297, "iv": 77.39, "instrument_name": "BTC-30DEC22-70000-C", "index_price": 24202.38, "direction": "sell", "amount": 2.1}, {"trade_seq": 2197, "trade_id": "218060715", "timestamp": 1655112517647, "tick_direction": 1, "price": 0.0125, "mark_price": 0.01253803, "iv": 77.38, "instrument_name": "BTC-30DEC22-70000-C", "index_price": 24207.93, "direction": "sell", "amount": 2.7}, {"trade_seq": 2196, "trade_id": "218060708", "timestamp": 1655112516643, "tick_direction": 1, "price": 0.0125, "mark_price": 0.01253358, "iv": 77.38, "instrument_name": "BTC-30DEC22-70000-C", "index_price": 24209.37, "direction": "sell", "amount": 3.7}, {"trade_seq": 2195, "trade_id": "218060705", "timestamp": 1655112514967, "tick_direction": 0, "price": 0.0125, "mark_price": 0.01251971, "iv": 77.37, "instrument_name": "BTC-30DEC22-70000-C", "index_price": 24211.76, "direction": "sell", "amount": 4.9}, {"trade_seq": 2194, "trade_id": "218003476", "timestamp": 1655106486530, "tick_direction": 3, "price": 0.0115, "mark_price": 0.01089343, "iv": 74.62, "instrument_name": "BTC-30DEC22-70000-C", "index_price": 24941.79, "direction": "sell", "amount": 3.1}, {"trade_seq": 2193, "trade_id": "218003475", "timestamp": 1655106486525, "tick_direction": 2, "price": 0.0115, "mark_price": 0.01089343, "iv": 74.62, "instrument_name": "BTC-30DEC22-70000-C", "index_price": 24941.79, "direction": "sell", "amount": 2.1}, {"trade_seq": 2192, "trade_id": "218003474", "timestamp": 1655106486525, "tick_direction": 0, "price": 0.012, "mark_price": 0.01089343, "iv": 75.19, "instrument_name": "BTC-30DEC22-70000-C", "index_price": 24941.79, "direction": "sell", "amount": 3.1}, {"trade_seq": 2191, "trade_id": "218003403", "timestamp": 1655106475509, "tick_direction": 1, "price": 0.0115, "mark_price": 0.01089151, "iv": 74.62, "instrument_name": "BTC-30DEC22-70000-C", "index_price": 24947.91, "direction": "sell", "amount": 1.6}, {"trade_seq": 2190, "trade_id": "218003402", "timestamp": 1655106475504, "tick_direction": 1, "price": 0.0115, "mark_price": 0.01089151, "iv": 74.62, "instrument_name": "BTC-30DEC22-70000-C", "index_price": 24947.91, "direction": "sell", "amount": 3.4}, {"trade_seq": 2189, "trade_id": "218003394", "timestamp": 1655106473883, "tick_direction": 1, "price": 0.0115, "mark_price": 0.01097186, "iv": 74.58, "instrument_name": "BTC-30DEC22-70000-C", "index_price": 24945.35, "direction": "sell", "amount": 5.0}, {"trade_seq": 2188, "trade_id": "218003342", "timestamp": 1655106472329, "tick_direction": 0, "price": 0.0115, "mark_price": 0.01095035, "iv": 74.52, "instrument_name": "BTC-30DEC22-70000-C", "index_price": 24988.17, "direction": "sell", "amount": 5.0}, {"trade_seq": 2187, "trade_id": "217988427", "timestamp": 1655103846644, "tick_direction": 0, "price": 0.0109, "mark_price": 0.01036072, "iv": 73.09, "instrument_name": "BTC-30DEC22-70000-C", "index_price": 25313.64, "direction": "sell", "block_trade_id": "41501", "amount": 1.5}, {"trade_seq": 2186, "trade_id": "217985948", "timestamp": 1655103027395, "tick_direction": 2, "price": 0.0102, "mark_price": 0.01094705, "iv": 72.53, "instrument_name": "BTC-30DEC22-70000-C", "index_price": 25185.15, "direction": "sell", "block_trade_id": "41499", "amount": 1.5}, {"trade_seq": 2185, "trade_id": "217915135", "timestamp": 1655088843982, "tick_direction": 3, "price": 0.0115, "mark_price": 0.01216138, "iv": 73.61, "instrument_name": "BTC-30DEC22-70000-C", "index_price": 25399.57, "direction": "sell", "amount": 3.2}, {"trade_seq": 2184, "trade_id": "217915134", "timestamp": 1655088843982, "tick_direction": 2, "price": 0.0115, "mark_price": 0.01216138, "iv": 73.61, "instrument_name": "BTC-30DEC22-70000-C", "index_price": 25399.57, "direction": "sell", "amount": 1.5}, {"trade_seq": 2183, "trade_id": "217914039", "timestamp": 1655088793329, "tick_direction": 1, "price": 0.012, "mark_price": 0.01202143, "iv": 74.03, "instrument_name": "BTC-30DEC22-70000-C", "index_price": 25473.89, "direction": "sell", "amount": 2.2}, {"trade_seq": 2182, "trade_id": "217913990", "timestamp": 1655088791317, "tick_direction": 0, "price": 0.012, "mark_price": 0.01203621, "iv": 74.01, "instrument_name": "BTC-30DEC22-70000-C", "index_price": 25478.52, "direction": "sell", "amount": 2.8}, {"trade_seq": 2181, "trade_id": "217913803", "timestamp": 1655088772992, "tick_direction": 3, "price": 0.0115, "mark_price": 0.0120944, "iv": 73.43, "instrument_name": "BTC-30DEC22-70000-C", "index_price": 25487.43, "direction": "sell", "amount": 1.5}, {"trade_seq": 2180, "trade_id": "217913703", "timestamp": 1655088760228, "tick_direction": 3, "price": 0.0115, "mark_price": 0.01223052, "iv": 73.35, "instrument_name": "BTC-30DEC22-70000-C", "index_price": 25527.09, "direction": "sell", "amount": 1.5}, {"trade_seq": 2179, "trade_id": "217913518", "timestamp": 1655088728554, "tick_direction": 3, "price": 0.0115, "mark_price": 0.01226837, "iv": 73.34, "instrument_name": "BTC-30DEC22-70000-C", "index_price": 25541.62, "direction": "sell", "amount": 1.4}, {"trade_seq": 2178, "trade_id": "217913504", "timestamp": 1655088728339, "tick_direction": 2, "price": 0.0115, "mark_price": 0.01226837, "iv": 73.34, "instrument_name": "BTC-30DEC22-70000-C", "index_price": 25541.62, "direction": "sell", "amount": 1.6}, {"trade_seq": 2177, "trade_id": "217913503", "timestamp": 1655088728339, "tick_direction": 0, "price": 0.012, "mark_price": 0.01226837, "iv": 73.9, "instrument_name": "BTC-30DEC22-70000-C", "index_price": 25541.62, "direction": "sell", "amount": 2.5}, {"trade_seq": 2176, "trade_id": "217908417", "timestamp": 1655087849211, "tick_direction": 2, "price": 0.011, "mark_price": 0.01130778, "iv": 72.55, "instrument_name": "BTC-30DEC22-70000-C", "index_price": 25632.85, "direction": "sell", "amount": 0.3}, {"trade_seq": 2175, "trade_id": "217737280", "timestamp": 1655028819771, "tick_direction": 0, "price": 0.012, "mark_price": 0.01180982, "iv": 69.85, "instrument_name": "BTC-30DEC22-70000-C", "index_price": 27369.63, "direction": "sell", "amount": 0.3}, {"trade_seq": 2174, "trade_id": "217735687", "timestamp": 1655028277509, "tick_direction": 3, "price": 0.0115, "mark_price": 0.0114256, "iv": 69.2, "instrument_name": "BTC-30DEC22-70000-C", "index_price": 27411.69, "direction": "sell", "amount": 5.0}, {"trade_seq": 2173, "trade_id": "217735646", "timestamp": 1655028241345, "tick_direction": 2, "price": 0.0115, "mark_price": 0.01146386, "iv": 69.16, "instrument_name": "BTC-30DEC22-70000-C", "index_price": 27439.98, "direction": "sell", "amount": 1.0}, {"trade_seq": 2172, "trade_id": "217735130", "timestamp": 1655028000088, "tick_direction": 3, "price": 0.0125, "mark_price": 0.01148531, "iv": 70.25, "instrument_name": "BTC-30DEC22-70000-C", "index_price": 27431.21, "direction": "buy", "amount": 0.8}, {"trade_seq": 2171, "trade_id": "217735082", "timestamp": 1655027939060, "tick_direction": 2, "price": 0.0125, "mark_price": 0.01151321, "iv": 70.23, "instrument_name": "BTC-30DEC22-70000-C", "index_price": 27451.67, "direction": "buy", "amount": 1.0}, {"trade_seq": 2170, "trade_id": "217735078", "timestamp": 1655027897801, "tick_direction": 0, "price": 0.013, "mark_price": 0.01153348, "iv": 70.74, "instrument_name": "BTC-30DEC22-70000-C", "index_price": 27451.13, "direction": "buy", "amount": 0.1}, {"trade_seq": 2169, "trade_id": "217735077", "timestamp": 1655027897801, "tick_direction": 2, "price": 0.0125, "mark_price": 0.01153348, "iv": 70.22, "instrument_name": "BTC-30DEC22-70000-C", "index_price": 27451.13, "direction": "buy", "amount": 0.9}, {"trade_seq": 2168, "trade_id": "217735013", "timestamp": 1655027766536, "tick_direction": 0, "price": 0.013, "mark_price": 0.01154966, "iv": 70.76, "instrument_name": "BTC-30DEC22-70000-C", "index_price": 27426.96, "direction": "buy", "amount": 0.1}, {"trade_seq": 2167, "trade_id": "217735012", "timestamp": 1655027766536, "tick_direction": 2, "price": 0.0125, "mark_price": 0.01154966, "iv": 70.24, "instrument_name": "BTC-30DEC22-70000-C", "index_price": 27426.96, "direction": "buy", "amount": 0.9}, {"trade_seq": 2166, "trade_id": "217734924", "timestamp": 1655027713519, "tick_direction": 0, "price": 0.013, "mark_price": 0.01158639, "iv": 70.74, "instrument_name": "BTC-30DEC22-70000-C", "index_price": 27448.34, "direction": "buy", "amount": 0.1}, {"trade_seq": 2165, "trade_id": "217734923", "timestamp": 1655027713519, "tick_direction": 3, "price": 0.0125, "mark_price": 0.01158639, "iv": 70.22, "instrument_name": "BTC-30DEC22-70000-C", "index_price": 27448.34, "direction": "buy", "amount": 0.9}, {"trade_seq": 2164, "trade_id": "217734879", "timestamp": 1655027668639, "tick_direction": 2, "price": 0.0125, "mark_price": 0.01162425, "iv": 70.21, "instrument_name": "BTC-30DEC22-70000-C", "index_price": 27436.49, "direction": "buy", "amount": 1.0}, {"trade_seq": 2163, "trade_id": "217734814", "timestamp": 1655027655167, "tick_direction": 0, "price": 0.0135, "mark_price": 0.01167787, "iv": 71.17, "instrument_name": "BTC-30DEC22-70000-C", "index_price": 27467.81, "direction": "buy", "amount": 0.3}, {"trade_seq": 2162, "trade_id": "217734813", "timestamp": 1655027655167, "tick_direction": 0, "price": 0.013, "mark_price": 0.01167787, "iv": 70.66, "instrument_name": "BTC-30DEC22-70000-C", "index_price": 27467.81, "direction": "buy", "amount": 0.6}, {"trade_seq": 2161, "trade_id": "217734812", "timestamp": 1655027655167, "tick_direction": 3, "price": 0.0125, "mark_price": 0.01167787, "iv": 70.15, "instrument_name": "BTC-30DEC22-70000-C", "index_price": 27467.81, "direction": "buy", "amount": 0.1}, {"trade_seq": 2160, "trade_id": "217734797", "timestamp": 1655027644155, "tick_direction": 2, "price": 0.0125, "mark_price": 0.01167699, "iv": 70.15, "instrument_name": "BTC-30DEC22-70000-C", "index_price": 27467.79, "direction": "buy", "amount": 1.0}, {"trade_seq": 2159, "trade_id": "217734760", "timestamp": 1655027601810, "tick_direction": 0, "price": 0.013, "mark_price": 0.01173937, "iv": 70.63, "instrument_name": "BTC-30DEC22-70000-C", "index_price": 27482.78, "direction": "buy", "amount": 0.3}, {"trade_seq": 2158, "trade_id": "217734759", "timestamp": 1655027601810, "tick_direction": 1, "price": 0.0125, "mark_price": 0.01173937, "iv": 70.11, "instrument_name": "BTC-30DEC22-70000-C", "index_price": 27482.78, "direction": "buy", "amount": 0.7}, {"trade_seq": 2157, "trade_id": "217734745", "timestamp": 1655027590701, "tick_direction": 0, "price": 0.0125, "mark_price": 0.01173833, "iv": 70.12, "instrument_name": "BTC-30DEC22-70000-C", "index_price": 27477.9, "direction": "buy", "amount": 0.2}, {"trade_seq": 2156, "trade_id": "217734744", "timestamp": 1655027590701, "tick_direction": 2, "price": 0.012, "mark_price": 0.01173833, "iv": 69.59, "instrument_name": "BTC-30DEC22-70000-C", "index_price": 27477.9, "direction": "buy", "amount": 0.8}, {"trade_seq": 2155, "trade_id": "217734670", "timestamp": 1655027432021, "tick_direction": 0, "price": 0.013, "mark_price": 0.01172996, "iv": 70.66, "instrument_name": "BTC-30DEC22-70000-C", "index_price": 27477.9, "direction": "buy", "amount": 0.1}, {"trade_seq": 2154, "trade_id": "217734669", "timestamp": 1655027432021, "tick_direction": 0, "price": 0.0125, "mark_price": 0.01172996, "iv": 70.14, "instrument_name": "BTC-30DEC22-70000-C", "index_price": 27477.9, "direction": "buy", "amount": 0.8}, {"trade_seq": 2153, "trade_id": "217734668", "timestamp": 1655027432021, "tick_direction": 1, "price": 0.012, "mark_price": 0.01172996, "iv": 69.61, "instrument_name": "BTC-30DEC22-70000-C", "index_price": 27477.9, "direction": "buy", "amount": 0.1}, {"trade_seq": 2152, "trade_id": "217734619", "timestamp": 1655027335824, "tick_direction": 0, "price": 0.012, "mark_price": 0.01165807, "iv": 69.64, "instrument_name": "BTC-30DEC22-70000-C", "index_price": 27468.31, "direction": "buy", "amount": 1.0}, {"trade_seq": 2151, "trade_id": "217726327", "timestamp": 1655020723227, "tick_direction": 1, "price": 0.011, "mark_price": 0.01024132, "iv": 68.37, "instrument_name": "BTC-30DEC22-70000-C", "index_price": 27555.21, "direction": "buy", "amount": 1.0}, {"trade_seq": 2150, "trade_id": "217706659", "timestamp": 1655009658811, "tick_direction": 0, "price": 0.011, "mark_price": 0.01019862, "iv": 68.54, "instrument_name": "BTC-30DEC22-70000-C", "index_price": 27450.72, "direction": "buy", "amount": 0.1}, {"trade_seq": 2149, "trade_id": "217704268", "timestamp": 1655007499647, "tick_direction": 2, "price": 0.0105, "mark_price": 0.00986772, "iv": 67.8, "instrument_name": "BTC-30DEC22-70000-C", "index_price": 27521.08, "direction": "buy", "amount": 0.6}, {"trade_seq": 2148, "trade_id": "217656987", "timestamp": 1654974522655, "tick_direction": 1, "price": 0.012, "mark_price": 0.01181418, "iv": 66.94, "instrument_name": "BTC-30DEC22-70000-C", "index_price": 28703.59, "direction": "buy", "amount": 0.4}, {"trade_seq": 2147, "trade_id": "217656986", "timestamp": 1654974522655, "tick_direction": 0, "price": 0.012, "mark_price": 0.01181418, "iv": 66.94, "instrument_name": "BTC-30DEC22-70000-C", "index_price": 28703.59, "direction": "buy", "amount": 0.4}, {"trade_seq": 2146, "trade_id": "217656962", "timestamp": 1654974489861, "tick_direction": 3, "price": 0.0115, "mark_price": 0.0118194, "iv": 66.45, "instrument_name": "BTC-30DEC22-70000-C", "index_price": 28682.03, "direction": "buy", "amount": 2.8}, {"trade_seq": 2145, "trade_id": "217656959", "timestamp": 1654974486932, "tick_direction": 3, "price": 0.0115, "mark_price": 0.01182201, "iv": 66.46, "instrument_name": "BTC-30DEC22-70000-C", "index_price": 28681.02, "direction": "buy", "amount": 2.0}, {"trade_seq": 2144, "trade_id": "217650842", "timestamp": 1654969200428, "tick_direction": 3, "price": 0.0115, "mark_price": 0.0117112, "iv": 66.71, "instrument_name": "BTC-30DEC22-70000-C", "index_price": 28545.62, "direction": "sell", "amount": 0.1}, {"trade_seq": 2143, "trade_id": "217650643", "timestamp": 1654968870775, "tick_direction": 3, "price": 0.0115, "mark_price": 0.01199424, "iv": 66.74, "instrument_name": "BTC-30DEC22-70000-C", "index_price": 28528.13, "direction": "sell", "amount": 0.1}, {"trade_seq": 2142, "trade_id": "217650641", "timestamp": 1654968870538, "tick_direction": 3, "price": 0.0115, "mark_price": 0.01200547, "iv": 66.74, "instrument_name": "BTC-30DEC22-70000-C", "index_price": 28528.13, "direction": "sell", "amount": 0.1}, {"trade_seq": 2141, "trade_id": "217650638", "timestamp": 1654968869947, "tick_direction": 3, "price": 0.0115, "mark_price": 0.01200547, "iv": 66.73, "instrument_name": "BTC-30DEC22-70000-C", "index_price": 28531.4, "direction": "sell", "amount": 0.1}, {"trade_seq": 2140, "trade_id": "217650630", "timestamp": 1654968866935, "tick_direction": 3, "price": 0.0115, "mark_price": 0.01202536, "iv": 66.72, "instrument_name": "BTC-30DEC22-70000-C", "index_price": 28541.06, "direction": "sell", "amount": 0.1}, {"trade_seq": 2139, "trade_id": "217650629", "timestamp": 1654968866852, "tick_direction": 3, "price": 0.0115, "mark_price": 0.01202536, "iv": 66.72, "instrument_name": "BTC-30DEC22-70000-C", "index_price": 28541.06, "direction": "sell", "amount": 0.1}, {"trade_seq": 2138, "trade_id": "217650625", "timestamp": 1654968866084, "tick_direction": 3, "price": 0.0115, "mark_price": 0.0120442, "iv": 66.7, "instrument_name": "BTC-30DEC22-70000-C", "index_price": 28540.83, "direction": "sell", "amount": 0.1}, {"trade_seq": 2137, "trade_id": "217650624", "timestamp": 1654968865728, "tick_direction": 3, "price": 0.0115, "mark_price": 0.0120442, "iv": 66.7, "instrument_name": "BTC-30DEC22-70000-C", "index_price": 28540.83, "direction": "sell", "amount": 0.1}, {"trade_seq": 2136, "trade_id": "217650622", "timestamp": 1654968864985, "tick_direction": 3, "price": 0.0115, "mark_price": 0.01204557, "iv": 66.7, "instrument_name": "BTC-30DEC22-70000-C", "index_price": 28550.52, "direction": "sell", "amount": 0.1}, {"trade_seq": 2135, "trade_id": "217650621", "timestamp": 1654968864924, "tick_direction": 3, "price": 0.0115, "mark_price": 0.01204557, "iv": 66.7, "instrument_name": "BTC-30DEC22-70000-C", "index_price": 28550.52, "direction": "sell", "amount": 0.1}, {"trade_seq": 2134, "trade_id": "217650585", "timestamp": 1654968863275, "tick_direction": 3, "price": 0.0115, "mark_price": 0.0120328, "iv": 66.71, "instrument_name": "BTC-30DEC22-70000-C", "index_price": 28543.99, "direction": "sell", "amount": 0.1}, {"trade_seq": 2133, "trade_id": "217650584", "timestamp": 1654968863258, "tick_direction": 3, "price": 0.0115, "mark_price": 0.0120328, "iv": 66.71, "instrument_name": "BTC-30DEC22-70000-C", "index_price": 28545.55, "direction": "sell", "amount": 0.1}, {"trade_seq": 2132, "trade_id": "217650583", "timestamp": 1654968863251, "tick_direction": 3, "price": 0.0115, "mark_price": 0.0120328, "iv": 66.71, "instrument_name": "BTC-30DEC22-70000-C", "index_price": 28545.55, "direction": "sell", "amount": 0.1}, {"trade_seq": 2131, "trade_id": "217650582", "timestamp": 1654968863244, "tick_direction": 3, "price": 0.0115, "mark_price": 0.0120328, "iv": 66.71, "instrument_name": "BTC-30DEC22-70000-C", "index_price": 28545.55, "direction": "sell", "amount": 0.1}, {"trade_seq": 2130, "trade_id": "217650581", "timestamp": 1654968863236, "tick_direction": 3, "price": 0.0115, "mark_price": 0.0120328, "iv": 66.71, "instrument_name": "BTC-30DEC22-70000-C", "index_price": 28545.55, "direction": "sell", "amount": 0.2}, {"trade_seq": 2129, "trade_id": "217650580", "timestamp": 1654968863229, "tick_direction": 3, "price": 0.0115, "mark_price": 0.0120328, "iv": 66.71, "instrument_name": "BTC-30DEC22-70000-C", "index_price": 28545.55, "direction": "sell", "amount": 0.2}, {"trade_seq": 2128, "trade_id": "217650555", "timestamp": 1654968859221, "tick_direction": 3, "price": 0.0115, "mark_price": 0.01200099, "iv": 66.75, "instrument_name": "BTC-30DEC22-70000-C", "index_price": 28531.7, "direction": "sell", "amount": 0.1}, {"trade_seq": 2127, "trade_id": "217650554", "timestamp": 1654968859211, "tick_direction": 3, "price": 0.0115, "mark_price": 0.01200099, "iv": 66.75, "instrument_name": "BTC-30DEC22-70000-C", "index_price": 28531.7, "direction": "sell", "amount": 0.1}, {"trade_seq": 2126, "trade_id": "217650553", "timestamp": 1654968859197, "tick_direction": 3, "price": 0.0115, "mark_price": 0.01200099, "iv": 66.75, "instrument_name": "BTC-30DEC22-70000-C", "index_price": 28531.7, "direction": "sell", "amount": 0.1}, {"trade_seq": 2125, "trade_id": "217650550", "timestamp": 1654968858633, "tick_direction": 3, "price": 0.0115, "mark_price": 0.01200099, "iv": 66.75, "instrument_name": "BTC-30DEC22-70000-C", "index_price": 28531.7, "direction": "sell", "amount": 0.1}, {"trade_seq": 2124, "trade_id": "217650538", "timestamp": 1654968857173, "tick_direction": 3, "price": 0.0115, "mark_price": 0.01201059, "iv": 66.75, "instrument_name": "BTC-30DEC22-70000-C", "index_price": 28527.09, "direction": "sell", "amount": 0.1}, {"trade_seq": 2123, "trade_id": "217650536", "timestamp": 1654968857024, "tick_direction": 3, "price": 0.0115, "mark_price": 0.01201059, "iv": 66.75, "instrument_name": "BTC-30DEC22-70000-C", "index_price": 28527.09, "direction": "sell", "amount": 0.1}, {"trade_seq": 2122, "trade_id": "217650377", "timestamp": 1654968821802, "tick_direction": 3, "price": 0.0115, "mark_price": 0.01188472, "iv": 66.91, "instrument_name": "BTC-30DEC22-70000-C", "index_price": 28445.8, "direction": "sell", "amount": 0.1}, {"trade_seq": 2121, "trade_id": "217650371", "timestamp": 1654968821104, "tick_direction": 3, "price": 0.0115, "mark_price": 0.0118812, "iv": 66.91, "instrument_name": "BTC-30DEC22-70000-C", "index_price": 28445.8, "direction": "sell", "amount": 0.1}, {"trade_seq": 2120, "trade_id": "217650370", "timestamp": 1654968812983, "tick_direction": 3, "price": 0.0115, "mark_price": 0.01188445, "iv": 66.93, "instrument_name": "BTC-30DEC22-70000-C", "index_price": 28438.78, "direction": "sell", "amount": 0.1}, {"trade_seq": 2119, "trade_id": "217650369", "timestamp": 1654968812905, "tick_direction": 3, "price": 0.0115, "mark_price": 0.01188445, "iv": 66.93, "instrument_name": "BTC-30DEC22-70000-C", "index_price": 28440.75, "direction": "sell", "amount": 0.1}, {"trade_seq": 2118, "trade_id": "217650368", "timestamp": 1654968812144, "tick_direction": 3, "price": 0.0115, "mark_price": 0.01188488, "iv": 66.93, "instrument_name": "BTC-30DEC22-70000-C", "index_price": 28440.75, "direction": "sell", "amount": 0.1}, {"trade_seq": 2117, "trade_id": "217650365", "timestamp": 1654968811831, "tick_direction": 3, "price": 0.0115, "mark_price": 0.01188488, "iv": 66.92, "instrument_name": "BTC-30DEC22-70000-C", "index_price": 28442.52, "direction": "sell", "amount": 0.1}, {"trade_seq": 2116, "trade_id": "217650364", "timestamp": 1654968811819, "tick_direction": 3, "price": 0.0115, "mark_price": 0.01188488, "iv": 66.92, "instrument_name": "BTC-30DEC22-70000-C", "index_price": 28442.52, "direction": "sell", "amount": 0.1}, {"trade_seq": 2115, "trade_id": "217650289", "timestamp": 1654968801900, "tick_direction": 3, "price": 0.0115, "mark_price": 0.011859, "iv": 66.96, "instrument_name": "BTC-30DEC22-70000-C", "index_price": 28422.04, "direction": "sell", "amount": 0.1}, {"trade_seq": 2114, "trade_id": "217650287", "timestamp": 1654968801397, "tick_direction": 3, "price": 0.0115, "mark_price": 0.01185956, "iv": 66.96, "instrument_name": "BTC-30DEC22-70000-C", "index_price": 28424.49, "direction": "sell", "amount": 0.1}, {"trade_seq": 2113, "trade_id": "217650283", "timestamp": 1654968792526, "tick_direction": 3, "price": 0.0115, "mark_price": 0.01186794, "iv": 66.95, "instrument_name": "BTC-30DEC22-70000-C", "index_price": 28425.12, "direction": "sell", "amount": 0.1}, {"trade_seq": 2112, "trade_id": "217650282", "timestamp": 1654968792032, "tick_direction": 3, "price": 0.0115, "mark_price": 0.01187676, "iv": 66.95, "instrument_name": "BTC-30DEC22-70000-C", "index_price": 28425.12, "direction": "sell", "amount": 0.1}, {"trade_seq": 2111, "trade_id": "217650281", "timestamp": 1654968791911, "tick_direction": 3, "price": 0.0115, "mark_price": 0.01187676, "iv": 66.95, "instrument_name": "BTC-30DEC22-70000-C", "index_price": 28425.12, "direction": "sell", "amount": 0.1}, {"trade_seq": 2110, "trade_id": "217650280", "timestamp": 1654968790712, "tick_direction": 3, "price": 0.0115, "mark_price": 0.01187737, "iv": 66.95, "instrument_name": "BTC-30DEC22-70000-C", "index_price": 28430.41, "direction": "sell", "amount": 0.1}, {"trade_seq": 2109, "trade_id": "217650279", "timestamp": 1654968790681, "tick_direction": 3, "price": 0.0115, "mark_price": 0.01187737, "iv": 66.95, "instrument_name": "BTC-30DEC22-70000-C", "index_price": 28430.41, "direction": "sell", "amount": 0.1}, {"trade_seq": 2108, "trade_id": "217650277", "timestamp": 1654968790528, "tick_direction": 3, "price": 0.0115, "mark_price": 0.01187737, "iv": 66.95, "instrument_name": "BTC-30DEC22-70000-C", "index_price": 28430.41, "direction": "sell", "amount": 0.1}, {"trade_seq": 2107, "trade_id": "217650276", "timestamp": 1654968790509, "tick_direction": 3, "price": 0.0115, "mark_price": 0.01187466, "iv": 66.95, "instrument_name": "BTC-30DEC22-70000-C", "index_price": 28430.41, "direction": "sell", "amount": 0.1}, {"trade_seq": 2106, "trade_id": "217650275", "timestamp": 1654968790434, "tick_direction": 3, "price": 0.0115, "mark_price": 0.01187466, "iv": 66.95, "instrument_name": "BTC-30DEC22-70000-C", "index_price": 28430.41, "direction": "sell", "amount": 0.1}, {"trade_seq": 2105, "trade_id": "217650273", "timestamp": 1654968790419, "tick_direction": 3, "price": 0.0115, "mark_price": 0.01187466, "iv": 66.95, "instrument_name": "BTC-30DEC22-70000-C", "index_price": 28430.41, "direction": "sell", "amount": 0.1}, {"trade_seq": 2104, "trade_id": "217650263", "timestamp": 1654968784496, "tick_direction": 3, "price": 0.0115, "mark_price": 0.01185341, "iv": 66.97, "instrument_name": "BTC-30DEC22-70000-C", "index_price": 28416.6, "direction": "sell", "amount": 0.1}, {"trade_seq": 2103, "trade_id": "217650261", "timestamp": 1654968781712, "tick_direction": 3, "price": 0.0115, "mark_price": 0.0118553, "iv": 66.97, "instrument_name": "BTC-30DEC22-70000-C", "index_price": 28416.36, "direction": "sell", "amount": 0.1}, {"trade_seq": 2102, "trade_id": "217650259", "timestamp": 1654968776397, "tick_direction": 3, "price": 0.0115, "mark_price": 0.01187601, "iv": 66.96, "instrument_name": "BTC-30DEC22-70000-C", "index_price": 28424.48, "direction": "sell", "amount": 0.1}, {"trade_seq": 2101, "trade_id": "217650258", "timestamp": 1654968776388, "tick_direction": 3, "price": 0.0115, "mark_price": 0.01187601, "iv": 66.96, "instrument_name": "BTC-30DEC22-70000-C", "index_price": 28424.48, "direction": "sell", "amount": 0.1}, {"trade_seq": 2100, "trade_id": "217650257", "timestamp": 1654968776374, "tick_direction": 3, "price": 0.0115, "mark_price": 0.01187601, "iv": 66.96, "instrument_name": "BTC-30DEC22-70000-C", "index_price": 28424.48, "direction": "sell", "amount": 0.1}, {"trade_seq": 2099, "trade_id": "217650254", "timestamp": 1654968776263, "tick_direction": 3, "price": 0.0115, "mark_price": 0.01187601, "iv": 66.96, "instrument_name": "BTC-30DEC22-70000-C", "index_price": 28424.48, "direction": "sell", "amount": 0.1}, {"trade_seq": 2098, "trade_id": "217650252", "timestamp": 1654968776173, "tick_direction": 3, "price": 0.0115, "mark_price": 0.01187601, "iv": 66.96, "instrument_name": "BTC-30DEC22-70000-C", "index_price": 28424.48, "direction": "sell", "amount": 0.1}, {"trade_seq": 2097, "trade_id": "217650247", "timestamp": 1654968772378, "tick_direction": 3, "price": 0.0115, "mark_price": 0.01189371, "iv": 66.94, "instrument_name": "BTC-30DEC22-70000-C", "index_price": 28432.93, "direction": "sell", "amount": 0.1}, {"trade_seq": 2096, "trade_id": "217650246", "timestamp": 1654968772357, "tick_direction": 3, "price": 0.0115, "mark_price": 0.01189371, "iv": 66.94, "instrument_name": "BTC-30DEC22-70000-C", "index_price": 28432.93, "direction": "sell", "amount": 0.1}, {"trade_seq": 2095, "trade_id": "217650245", "timestamp": 1654968772328, "tick_direction": 3, "price": 0.0115, "mark_price": 0.01189371, "iv": 66.94, "instrument_name": "BTC-30DEC22-70000-C", "index_price": 28432.93, "direction": "sell", "amount": 0.1}, {"trade_seq": 2094, "trade_id": "217650244", "timestamp": 1654968772224, "tick_direction": 3, "price": 0.0115, "mark_price": 0.01189371, "iv": 66.94, "instrument_name": "BTC-30DEC22-70000-C", "index_price": 28432.93, "direction": "sell", "amount": 0.1}, {"trade_seq": 2093, "trade_id": "217650243", "timestamp": 1654968772134, "tick_direction": 3, "price": 0.0115, "mark_price": 0.01189371, "iv": 66.94, "instrument_name": "BTC-30DEC22-70000-C", "index_price": 28432.93, "direction": "sell", "amount": 0.1}, {"trade_seq": 2092, "trade_id": "217650240", "timestamp": 1654968772110, "tick_direction": 3, "price": 0.0115, "mark_price": 0.01189371, "iv": 66.94, "instrument_name": "BTC-30DEC22-70000-C", "index_price": 28432.93, "direction": "sell", "amount": 0.1}, {"trade_seq": 2091, "trade_id": "217650234", "timestamp": 1654968770336, "tick_direction": 3, "price": 0.0115, "mark_price": 0.01189862, "iv": 66.94, "instrument_name": "BTC-30DEC22-70000-C", "index_price": 28433.38, "direction": "sell", "amount": 0.1}, {"trade_seq": 2090, "trade_id": "217650233", "timestamp": 1654968769002, "tick_direction": 3, "price": 0.0115, "mark_price": 0.01190661, "iv": 66.93, "instrument_name": "BTC-30DEC22-70000-C", "index_price": 28434.19, "direction": "sell", "amount": 0.1}, {"trade_seq": 2089, "trade_id": "217650232", "timestamp": 1654968768321, "tick_direction": 3, "price": 0.0115, "mark_price": 0.01191088, "iv": 66.93, "instrument_name": "BTC-30DEC22-70000-C", "index_price": 28435.43, "direction": "sell", "amount": 0.1}, {"trade_seq": 2088, "trade_id": "217650231", "timestamp": 1654968766699, "tick_direction": 3, "price": 0.0115, "mark_price": 0.01191627, "iv": 66.92, "instrument_name": "BTC-30DEC22-70000-C", "index_price": 28439.35, "direction": "sell", "amount": 0.1}, {"trade_seq": 2087, "trade_id": "217650230", "timestamp": 1654968766639, "tick_direction": 3, "price": 0.0115, "mark_price": 0.01191627, "iv": 66.92, "instrument_name": "BTC-30DEC22-70000-C", "index_price": 28439.35, "direction": "sell", "amount": 0.1}, {"trade_seq": 2086, "trade_id": "217650229", "timestamp": 1654968766572, "tick_direction": 3, "price": 0.0115, "mark_price": 0.01191627, "iv": 66.92, "instrument_name": "BTC-30DEC22-70000-C", "index_price": 28441.27, "direction": "sell", "amount": 0.1}, {"trade_seq": 2085, "trade_id": "217650228", "timestamp": 1654968766554, "tick_direction": 3, "price": 0.0115, "mark_price": 0.01191627, "iv": 66.92, "instrument_name": "BTC-30DEC22-70000-C", "index_price": 28441.27, "direction": "sell", "amount": 0.1}, {"trade_seq": 2084, "trade_id": "217650227", "timestamp": 1654968766526, "tick_direction": 3, "price": 0.0115, "mark_price": 0.01191627, "iv": 66.92, "instrument_name": "BTC-30DEC22-70000-C", "index_price": 28441.27, "direction": "sell", "amount": 0.1}, {"trade_seq": 2083, "trade_id": "217650220", "timestamp": 1654968766305, "tick_direction": 3, "price": 0.0115, "mark_price": 0.01191679, "iv": 66.92, "instrument_name": "BTC-30DEC22-70000-C", "index_price": 28441.27, "direction": "sell", "amount": 0.1}, {"trade_seq": 2082, "trade_id": "217650219", "timestamp": 1654968766296, "tick_direction": 3, "price": 0.0115, "mark_price": 0.01191679, "iv": 66.92, "instrument_name": "BTC-30DEC22-70000-C", "index_price": 28441.27, "direction": "sell", "amount": 0.1}, {"trade_seq": 2081, "trade_id": "217650218", "timestamp": 1654968764996, "tick_direction": 3, "price": 0.0115, "mark_price": 0.01191803, "iv": 66.92, "instrument_name": "BTC-30DEC22-70000-C", "index_price": 28443.92, "direction": "sell", "amount": 0.1}, {"trade_seq": 2080, "trade_id": "217650217", "timestamp": 1654968764981, "tick_direction": 3, "price": 0.0115, "mark_price": 0.01191803, "iv": 66.92, "instrument_name": "BTC-30DEC22-70000-C", "index_price": 28443.92, "direction": "sell", "amount": 0.1}, {"trade_seq": 2079, "trade_id": "217649988", "timestamp": 1654968397410, "tick_direction": 3, "price": 0.0115, "mark_price": 0.01218112, "iv": 66.81, "instrument_name": "BTC-30DEC22-70000-C", "index_price": 28493.14, "direction": "sell", "amount": 0.1}, {"trade_seq": 2078, "trade_id": "217649987", "timestamp": 1654968395240, "tick_direction": 3, "price": 0.0115, "mark_price": 0.01218089, "iv": 66.81, "instrument_name": "BTC-30DEC22-70000-C", "index_price": 28491.68, "direction": "sell", "amount": 0.1}, {"trade_seq": 2077, "trade_id": "217649986", "timestamp": 1654968394717, "tick_direction": 3, "price": 0.0115, "mark_price": 0.0121873, "iv": 66.82, "instrument_name": "BTC-30DEC22-70000-C", "index_price": 28490.94, "direction": "sell", "amount": 0.1}, {"trade_seq": 2076, "trade_id": "217649984", "timestamp": 1654968392729, "tick_direction": 3, "price": 0.0115, "mark_price": 0.01218935, "iv": 66.81, "instrument_name": "BTC-30DEC22-70000-C", "index_price": 28493.8, "direction": "sell", "amount": 0.1}, {"trade_seq": 2075, "trade_id": "217649982", "timestamp": 1654968392693, "tick_direction": 3, "price": 0.0115, "mark_price": 0.01218935, "iv": 66.81, "instrument_name": "BTC-30DEC22-70000-C", "index_price": 28493.8, "direction": "sell", "amount": 0.1}, {"trade_seq": 2074, "trade_id": "217649981", "timestamp": 1654968392677, "tick_direction": 3, "price": 0.0115, "mark_price": 0.01218935, "iv": 66.81, "instrument_name": "BTC-30DEC22-70000-C", "index_price": 28493.8, "direction": "sell", "amount": 0.1}, {"trade_seq": 2073, "trade_id": "217649980", "timestamp": 1654968392644, "tick_direction": 3, "price": 0.0115, "mark_price": 0.01218935, "iv": 66.81, "instrument_name": "BTC-30DEC22-70000-C", "index_price": 28493.8, "direction": "sell", "amount": 0.1}, {"trade_seq": 2072, "trade_id": "217649978", "timestamp": 1654968392628, "tick_direction": 3, "price": 0.0115, "mark_price": 0.01218935, "iv": 66.81, "instrument_name": "BTC-30DEC22-70000-C", "index_price": 28493.8, "direction": "sell", "amount": 0.1}, {"trade_seq": 2071, "trade_id": "217649977", "timestamp": 1654968392616, "tick_direction": 3, "price": 0.0115, "mark_price": 0.01218935, "iv": 66.81, "instrument_name": "BTC-30DEC22-70000-C", "index_price": 28493.8, "direction": "sell", "amount": 0.1}, {"trade_seq": 2070, "trade_id": "217649976", "timestamp": 1654968392585, "tick_direction": 3, "price": 0.0115, "mark_price": 0.01218935, "iv": 66.81, "instrument_name": "BTC-30DEC22-70000-C", "index_price": 28493.8, "direction": "sell", "amount": 0.1}, {"trade_seq": 2069, "trade_id": "217649975", "timestamp": 1654968392572, "tick_direction": 3, "price": 0.0115, "mark_price": 0.01218935, "iv": 66.81, "instrument_name": "BTC-30DEC22-70000-C", "index_price": 28493.8, "direction": "sell", "amount": 0.1}, {"trade_seq": 2068, "trade_id": "217649766", "timestamp": 1654968334093, "tick_direction": 3, "price": 0.0115, "mark_price": 0.01213078, "iv": 66.9, "instrument_name": "BTC-30DEC22-70000-C", "index_price": 28448.38, "direction": "sell", "amount": 0.1}, {"trade_seq": 2067, "trade_id": "217649761", "timestamp": 1654968328119, "tick_direction": 3, "price": 0.0115, "mark_price": 0.01214489, "iv": 66.88, "instrument_name": "BTC-30DEC22-70000-C", "index_price": 28456.27, "direction": "sell", "amount": 0.1}, {"trade_seq": 2066, "trade_id": "217649760", "timestamp": 1654968328089, "tick_direction": 3, "price": 0.0115, "mark_price": 0.01214489, "iv": 66.88, "instrument_name": "BTC-30DEC22-70000-C", "index_price": 28456.27, "direction": "sell", "amount": 0.1}