{"trades": [{"trade_seq": 58, "trade_id": "238165499", "timestamp": 1671698784824, "tick_direction": 2, "price": 0.701, "mark_price": 0.70233939, "iv": 0.0, "instrument_name": "BTC-30DEC22-5000-C", "index_price": 16824.71, "direction": "buy", "amount": 0.1}, {"trade_seq": 57, "trade_id": "238130926", "timestamp": 1671623129959, "tick_direction": 2, "price": 0.705, "mark_price": 0.70307714, "iv": 370.13, "instrument_name": "BTC-30DEC22-5000-C", "index_price": 16867.73, "direction": "buy", "amount": 0.1}, {"trade_seq": 56, "trade_id": "236804525", "timestamp": 1669586732747, "tick_direction": 0, "price": 0.7075, "mark_price": 0.69924586, "iv": 253.5, "instrument_name": "BTC-30DEC22-5000-C", "index_price": 16580.86, "direction": "buy", "amount": 0.1}, {"trade_seq": 55, "trade_id": "236469036", "timestamp": 1669044451838, "tick_direction": 2, "price": 0.689, "mark_price": 0.68922982, "iv": 166.98, "instrument_name": "BTC-30DEC22-5000-C", "index_price": 16107.1, "direction": "sell", "amount": 0.1}, {"trade_seq": 54, "trade_id": "236461642", "timestamp": 1669040433939, "tick_direction": 0, "price": 0.69, "mark_price": 0.69016121, "iv": 167.97, "instrument_name": "BTC-30DEC22-5000-C", "index_price": 16178.8, "direction": "sell", "amount": 0.1}, {"trade_seq": 53, "trade_id": "236449945", "timestamp": 1669028693704, "tick_direction": 2, "price": 0.6865, "mark_price": 0.68831081, "iv": 124.21, "instrument_name": "BTC-30DEC22-5000-C", "index_price": 16114.41, "direction": "sell", "amount": 0.1}, {"trade_seq": 52, "trade_id": "236291505", "timestamp": 1668755194920, "tick_direction": 3, "price": 0.699, "mark_price": 0.70037074, "iv": 0.0, "instrument_name": "BTC-30DEC22-5000-C", "index_price": 16783.48, "direction": "sell", "amount": 0.1}, {"trade_seq": 51, "trade_id": "236044500", "timestamp": 1668524124992, "tick_direction": 0, "price": 0.701, "mark_price": 0.70204587, "iv": 147.8, "instrument_name": "BTC-30DEC22-5000-C", "index_price": 16861.38, "direction": "sell", "amount": 1.5}, {"trade_seq": 50, "trade_id": "236018665", "timestamp": 1668508294428, "tick_direction": 3, "price": 0.699, "mark_price": 0.70024973, "iv": 148.01, "instrument_name": "BTC-30DEC22-5000-C", "index_price": 16773.59, "direction": "sell", "amount": 1.1}, {"trade_seq": 49, "trade_id": "236018635", "timestamp": 1668508258288, "tick_direction": 2, "price": 0.699, "mark_price": 0.70019153, "iv": 149.14, "instrument_name": "BTC-30DEC22-5000-C", "index_price": 16768.8, "direction": "sell", "amount": 1.1}, {"trade_seq": 48, "trade_id": "236017333", "timestamp": 1668506855028, "tick_direction": 2, "price": 0.6995, "mark_price": 0.70081696, "iv": 146.39, "instrument_name": "BTC-30DEC22-5000-C", "index_price": 16799.04, "direction": "sell", "amount": 1.0}, {"trade_seq": 47, "trade_id": "236016880", "timestamp": 1668506614700, "tick_direction": 0, "price": 0.7015, "mark_price": 0.7010269, "iv": 170.78, "instrument_name": "BTC-30DEC22-5000-C", "index_price": 16812.4, "direction": "sell", "amount": 0.2}, {"trade_seq": 46, "trade_id": "235849345", "timestamp": 1668429655300, "tick_direction": 2, "price": 0.7, "mark_price": 0.70133519, "iv": 156.63, "instrument_name": "BTC-30DEC22-5000-C", "index_price": 16761.93, "direction": "sell", "amount": 1.1}, {"trade_seq": 45, "trade_id": "235139218", "timestamp": 1668092074242, "tick_direction": 0, "price": 0.71, "mark_price": 0.71370429, "iv": 0.0, "instrument_name": "BTC-30DEC22-5000-C", "index_price": 17496.94, "direction": "sell", "amount": 0.1}, {"trade_seq": 44, "trade_id": "235139216", "timestamp": 1668092073324, "tick_direction": 0, "price": 0.7095, "mark_price": 0.71370429, "iv": 0.0, "instrument_name": "BTC-30DEC22-5000-C", "index_price": 17496.94, "direction": "sell", "amount": 0.1}, {"trade_seq": 43, "trade_id": "235137725", "timestamp": 1668091905516, "tick_direction": 2, "price": 0.7075, "mark_price": 0.71294113, "iv": 0.0, "instrument_name": "BTC-30DEC22-5000-C", "index_price": 17457.05, "direction": "sell", "amount": 0.1}, {"trade_seq": 42, "trade_id": "235082907", "timestamp": 1668087114483, "tick_direction": 0, "price": 0.716, "mark_price": 0.70990903, "iv": 203.27, "instrument_name": "BTC-30DEC22-5000-C", "index_price": 17289.57, "direction": "buy", "amount": 0.1}, {"trade_seq": 41, "trade_id": "234961350", "timestamp": 1668068453443, "tick_direction": 1, "price": 0.6945, "mark_price": 0.69658647, "iv": 125.29, "instrument_name": "BTC-30DEC22-5000-C", "index_price": 16497.6, "direction": "sell", "amount": 0.1}, {"trade_seq": 40, "trade_id": "234961277", "timestamp": 1668068443344, "tick_direction": 0, "price": 0.6945, "mark_price": 0.69677345, "iv": 120.54, "instrument_name": "BTC-30DEC22-5000-C", "index_price": 16504.51, "direction": "sell", "amount": 0.1}, {"trade_seq": 39, "trade_id": "234961275", "timestamp": 1668068443095, "tick_direction": 0, "price": 0.694, "mark_price": 0.69677345, "iv": 0.0, "instrument_name": "BTC-30DEC22-5000-C", "index_price": 16504.51, "direction": "sell", "amount": 0.1}, {"trade_seq": 38, "trade_id": "234959624", "timestamp": 1668068104295, "tick_direction": 2, "price": 0.6925, "mark_price": 0.69842509, "iv": 0.0, "instrument_name": "BTC-30DEC22-5000-C", "index_price": 16603.46, "direction": "sell", "amount": 0.1}, {"trade_seq": 37, "trade_id": "234605865", "timestamp": 1668018296067, "tick_direction": 3, "price": 0.707, "mark_price": 0.70275106, "iv": 188.36, "instrument_name": "BTC-30DEC22-5000-C", "index_price": 16744.51, "direction": "buy", "amount": 0.1}, {"trade_seq": 36, "trade_id": "234605844", "timestamp": 1668018293193, "tick_direction": 2, "price": 0.707, "mark_price": 0.70281646, "iv": 188.0, "instrument_name": "BTC-30DEC22-5000-C", "index_price": 16748.42, "direction": "buy", "amount": 0.1}, {"trade_seq": 35, "trade_id": "234487755", "timestamp": 1668003199894, "tick_direction": 2, "price": 0.7175, "mark_price": 0.71755612, "iv": 150.73, "instrument_name": "BTC-30DEC22-5000-C", "index_price": 17635.14, "direction": "sell", "amount": 0.2}, {"trade_seq": 34, "trade_id": "234487733", "timestamp": 1668003194121, "tick_direction": 0, "price": 0.7185, "mark_price": 0.71764237, "iv": 162.96, "instrument_name": "BTC-30DEC22-5000-C", "index_price": 17640.02, "direction": "sell", "amount": 0.2}, {"trade_seq": 33, "trade_id": "234479623", "timestamp": 1668000949487, "tick_direction": 0, "price": 0.7145, "mark_price": 0.71564519, "iv": 120.63, "instrument_name": "BTC-30DEC22-5000-C", "index_price": 17511.45, "direction": "sell", "amount": 0.1}, {"trade_seq": 32, "trade_id": "234479614", "timestamp": 1668000945996, "tick_direction": 2, "price": 0.714, "mark_price": 0.71566342, "iv": 0.0, "instrument_name": "BTC-30DEC22-5000-C", "index_price": 17512.95, "direction": "sell", "amount": 0.1}, {"trade_seq": 31, "trade_id": "234479280", "timestamp": 1668000779907, "tick_direction": 3, "price": 0.7145, "mark_price": 0.71624878, "iv": 0.0, "instrument_name": "BTC-30DEC22-5000-C", "index_price": 17545.79, "direction": "sell", "amount": 0.1}, {"trade_seq": 30, "trade_id": "234479225", "timestamp": 1668000770698, "tick_direction": 3, "price": 0.7145, "mark_price": 0.71631981, "iv": 0.0, "instrument_name": "BTC-30DEC22-5000-C", "index_price": 17548.76, "direction": "sell", "amount": 0.1}, {"trade_seq": 29, "trade_id": "234479199", "timestamp": 1668000750803, "tick_direction": 2, "price": 0.7145, "mark_price": 0.7164293, "iv": 0.0, "instrument_name": "BTC-30DEC22-5000-C", "index_price": 17554.96, "direction": "sell", "amount": 0.1}, {"trade_seq": 28, "trade_id": "234475122", "timestamp": 1667999684965, "tick_direction": 0, "price": 0.7155, "mark_price": 0.71486418, "iv": 159.4, "instrument_name": "BTC-30DEC22-5000-C", "index_price": 17445.43, "direction": "sell", "amount": 0.3}, {"trade_seq": 27, "trade_id": "234396317", "timestamp": 1667988490443, "tick_direction": 2, "price": 0.715, "mark_price": 0.71797757, "iv": 0.0, "instrument_name": "BTC-30DEC22-5000-C", "index_price": 17651.98, "direction": "sell", "amount": 0.1}, {"trade_seq": 26, "trade_id": "234393223", "timestamp": 1667988368339, "tick_direction": 3, "price": 0.7155, "mark_price": 0.71839509, "iv": 0.0, "instrument_name": "BTC-30DEC22-5000-C", "index_price": 17678.56, "direction": "sell", "amount": 0.1}, {"trade_seq": 25, "trade_id": "234393222", "timestamp": 1667988368330, "tick_direction": 2, "price": 0.7155, "mark_price": 0.71839509, "iv": 0.0, "instrument_name": "BTC-30DEC22-5000-C", "index_price": 17678.56, "direction": "sell", "amount": 0.1}, {"trade_seq": 24, "trade_id": "234175778", "timestamp": 1667935660058, "tick_direction": 2, "price": 0.722, "mark_price": 0.72255296, "iv": 138.27, "instrument_name": "BTC-30DEC22-5000-C", "index_price": 17945.46, "direction": "sell", "amount": 0.1}, {"trade_seq": 23, "trade_id": "234028289", "timestamp": 1667920936322, "tick_direction": 2, "price": 0.741, "mark_price": 0.74339734, "iv": 0.0, "instrument_name": "BTC-30DEC22-5000-C", "index_price": 19389.81, "direction": "sell", "amount": 0.1}, {"trade_seq": 22, "trade_id": "234027367", "timestamp": 1667920711761, "tick_direction": 2, "price": 0.7445, "mark_price": 0.74430484, "iv": 154.8, "instrument_name": "BTC-30DEC22-5000-C", "index_price": 19455.27, "direction": "sell", "amount": 0.3}, {"trade_seq": 21, "trade_id": "234027004", "timestamp": 1667920592949, "tick_direction": 2, "price": 0.745, "mark_price": 0.74430126, "iv": 163.83, "instrument_name": "BTC-30DEC22-5000-C", "index_price": 19455.28, "direction": "sell", "amount": 0.2}, {"trade_seq": 20, "trade_id": "234026236", "timestamp": 1667920386217, "tick_direction": 2, "price": 0.7455, "mark_price": 0.74430698, "iv": 170.92, "instrument_name": "BTC-30DEC22-5000-C", "index_price": 19455.54, "direction": "sell", "amount": 0.2}, {"trade_seq": 19, "trade_id": "234012840", "timestamp": 1667917750240, "tick_direction": 3, "price": 0.746, "mark_price": 0.74589636, "iv": 152.88, "instrument_name": "BTC-30DEC22-5000-C", "index_price": 19581.7, "direction": "sell", "amount": 0.1}, {"trade_seq": 18, "trade_id": "234012837", "timestamp": 1667917750186, "tick_direction": 3, "price": 0.746, "mark_price": 0.74589636, "iv": 152.88, "instrument_name": "BTC-30DEC22-5000-C", "index_price": 19581.7, "direction": "sell", "amount": 0.1}, {"trade_seq": 17, "trade_id": "234012606", "timestamp": 1667917592775, "tick_direction": 3, "price": 0.746, "mark_price": 0.74592269, "iv": 152.23, "instrument_name": "BTC-30DEC22-5000-C", "index_price": 19583.76, "direction": "sell", "amount": 0.1}, {"trade_seq": 16, "trade_id": "233998896", "timestamp": 1667910331497, "tick_direction": 3, "price": 0.746, "mark_price": 0.74765707, "iv": 0.0, "instrument_name": "BTC-30DEC22-5000-C", "index_price": 19712.56, "direction": "sell", "amount": 0.1}, {"trade_seq": 15, "trade_id": "233998187", "timestamp": 1667909749849, "tick_direction": 3, "price": 0.746, "mark_price": 0.74789818, "iv": 0.0, "instrument_name": "BTC-30DEC22-5000-C", "index_price": 19729.63, "direction": "sell", "amount": 0.1}, {"trade_seq": 14, "trade_id": "233998186", "timestamp": 1667909739675, "tick_direction": 2, "price": 0.746, "mark_price": 0.74791672, "iv": 0.0, "instrument_name": "BTC-30DEC22-5000-C", "index_price": 19730.64, "direction": "sell", "amount": 0.1}, {"trade_seq": 13, "trade_id": "233884925", "timestamp": 1667848960058, "tick_direction": 0, "price": 0.759, "mark_price": 0.76050534, "iv": 0.0, "instrument_name": "BTC-30DEC22-5000-C", "index_price": 20757.71, "direction": "sell", "amount": 0.1}, {"trade_seq": 12, "trade_id": "233875216", "timestamp": 1667834081686, "tick_direction": 2, "price": 0.758, "mark_price": 0.75989903, "iv": 0.0, "instrument_name": "BTC-30DEC22-5000-C", "index_price": 20702.84, "direction": "sell", "amount": 0.1}, {"trade_seq": 11, "trade_id": "233871695", "timestamp": 1667830906911, "tick_direction": 1, "price": 0.7585, "mark_price": 0.76033173, "iv": 0.0, "instrument_name": "BTC-30DEC22-5000-C", "index_price": 20743.65, "direction": "sell", "amount": 0.1}, {"trade_seq": 10, "trade_id": "233868458", "timestamp": 1667826537846, "tick_direction": 0, "price": 0.7585, "mark_price": 0.76075273, "iv": 0.0, "instrument_name": "BTC-30DEC22-5000-C", "index_price": 20780.83, "direction": "sell", "amount": 0.1}, {"trade_seq": 9, "trade_id": "233864601", "timestamp": 1667820083581, "tick_direction": 0, "price": 0.758, "mark_price": 0.76045673, "iv": 0.0, "instrument_name": "BTC-30DEC22-5000-C", "index_price": 20755.09, "direction": "sell", "amount": 0.1}, {"trade_seq": 8, "trade_id": "233864600", "timestamp": 1667820079748, "tick_direction": 1, "price": 0.7575, "mark_price": 0.76045627, "iv": 0.0, "instrument_name": "BTC-30DEC22-5000-C", "index_price": 20755.16, "direction": "sell", "amount": 0.1}, {"trade_seq": 7, "trade_id": "233864599", "timestamp": 1667820079717, "tick_direction": 0, "price": 0.7575, "mark_price": 0.76045627, "iv": 0.0, "instrument_name": "BTC-30DEC22-5000-C", "index_price": 20755.16, "direction": "sell", "amount": 0.1}, {"trade_seq": 6, "trade_id": "232797695", "timestamp": 1666769341386, "tick_direction": 0, "price": 0.753, "mark_price": 0.75483809, "iv": 0.0, "instrument_name": "BTC-30DEC22-5000-C", "index_price": 20297.45, "direction": "sell", "amount": 0.1}, {"trade_seq": 5, "trade_id": "232797659", "timestamp": 1666769303587, "tick_direction": 0, "price": 0.7495, "mark_price": 0.75484317, "iv": 0.0, "instrument_name": "BTC-30DEC22-5000-C", "index_price": 20296.94, "direction": "sell", "amount": 0.1}, {"trade_seq": 4, "trade_id": "232450694", "timestamp": 1666343955286, "tick_direction": 2, "price": 0.739, "mark_price": 0.73620988, "iv": 157.97, "instrument_name": "BTC-30DEC22-5000-C", "index_price": 18910.18, "direction": "buy", "amount": 0.1}, {"trade_seq": 3, "trade_id": "228525157", "timestamp": 1662620320578, "tick_direction": 0, "price": 0.743, "mark_price": 0.74375981, "iv": 120.69, "instrument_name": "BTC-30DEC22-5000-C", "index_price": 19236.82, "direction": "buy", "amount": 1.0}, {"trade_seq": 2, "trade_id": "228525156", "timestamp": 1662620320525, "tick_direction": 2, "price": 0.7425, "mark_price": 0.74375981, "iv": 116.96, "instrument_name": "BTC-30DEC22-5000-C", "index_price": 19236.82, "direction": "buy", "amount": 1.0}, {"trade_seq": 1, "trade_id": "228296921", "timestamp": 1662426195735, "tick_direction": 1, "price": 0.7455, "mark_price": 0.75533495, "iv": 0.0, "instrument_name": "BTC-30DEC22-5000-C", "index_price": 20167.27, "direction": "sell", "amount": 0.1}], "has_more": false}