{"trades": [{"trade_seq": 8358, "trade_id": "238388291", "timestamp": 1672340038155, "tick_direction": 3, "price": 0.0005, "mark_price": 0.0, "iv": 221.4, "instrument_name": "BTC-30DEC22-20000-C", "index_price": 16611.81, "direction": "buy", "amount": 5.0}, {"trade_seq": 8357, "trade_id": "238351708", "timestamp": 1672257956714, "tick_direction": 3, "price": 0.0005, "mark_price": 1.9e-07, "iv": 134.85, "instrument_name": "BTC-30DEC22-20000-C", "index_price": 16581.87, "direction": "buy", "amount": 0.1}, {"trade_seq": 8356, "trade_id": "238351698", "timestamp": 1672257942342, "tick_direction": 3, "price": 0.0005, "mark_price": 1.9e-07, "iv": 134.87, "instrument_name": "BTC-30DEC22-20000-C", "index_price": 16581.47, "direction": "buy", "amount": 0.2}, {"trade_seq": 8355, "trade_id": "238351686", "timestamp": 1672257927515, "tick_direction": 3, "price": 0.0005, "mark_price": 1.9e-07, "iv": 134.84, "instrument_name": "BTC-30DEC22-20000-C", "index_price": 16581.41, "direction": "buy", "amount": 0.1}, {"trade_seq": 8354, "trade_id": "238335960", "timestamp": 1672237548411, "tick_direction": 3, "price": 0.0005, "mark_price": 1.02e-06, "iv": 123.16, "instrument_name": "BTC-30DEC22-20000-C", "index_price": 16638.32, "direction": "buy", "amount": 0.2}, {"trade_seq": 8353, "trade_id": "238293408", "timestamp": 1672110940931, "tick_direction": 3, "price": 0.0005, "mark_price": 6.437e-05, "iv": 85.41, "instrument_name": "BTC-30DEC22-20000-C", "index_price": 16859.14, "direction": "buy", "amount": 0.1}, {"trade_seq": 8352, "trade_id": "238290430", "timestamp": 1672100574900, "tick_direction": 3, "price": 0.0005, "mark_price": 4.979e-05, "iv": 82.68, "instrument_name": "BTC-30DEC22-20000-C", "index_price": 16907.31, "direction": "buy", "amount": 1.0}, {"trade_seq": 8351, "trade_id": "238281405", "timestamp": 1672067815871, "tick_direction": 3, "price": 0.0005, "mark_price": 6.723e-05, "iv": 80.17, "instrument_name": "BTC-30DEC22-20000-C", "index_price": 16831.15, "direction": "buy", "amount": 3.0}, {"trade_seq": 8350, "trade_id": "238260672", "timestamp": 1671973840079, "tick_direction": 3, "price": 0.0005, "mark_price": 0.00020347, "iv": 70.83, "instrument_name": "BTC-30DEC22-20000-C", "index_price": 16821.09, "direction": "buy", "amount": 0.9}, {"trade_seq": 8349, "trade_id": "238260671", "timestamp": 1671973840079, "tick_direction": 3, "price": 0.0005, "mark_price": 0.00020347, "iv": 70.83, "instrument_name": "BTC-30DEC22-20000-C", "index_price": 16821.09, "direction": "buy", "amount": 0.1}, {"trade_seq": 8348, "trade_id": "238251539", "timestamp": 1671902251565, "tick_direction": 3, "price": 0.0005, "mark_price": 0.00039516, "iv": 65.07, "instrument_name": "BTC-30DEC22-20000-C", "index_price": 16840.76, "direction": "buy", "amount": 1.0}, {"trade_seq": 8347, "trade_id": "238249576", "timestamp": 1671876414263, "tick_direction": 3, "price": 0.0005, "mark_price": 0.00047012, "iv": 63.52, "instrument_name": "BTC-30DEC22-20000-C", "index_price": 16833.97, "direction": "buy", "amount": 2.7}, {"trade_seq": 8346, "trade_id": "238249575", "timestamp": 1671876414263, "tick_direction": 3, "price": 0.0005, "mark_price": 0.00047012, "iv": 63.52, "instrument_name": "BTC-30DEC22-20000-C", "index_price": 16833.97, "direction": "buy", "amount": 0.3}, {"trade_seq": 8345, "trade_id": "238249387", "timestamp": 1671874772224, "tick_direction": 3, "price": 0.0005, "mark_price": 0.00047639, "iv": 63.4, "instrument_name": "BTC-30DEC22-20000-C", "index_price": 16835.04, "direction": "buy", "amount": 0.1}, {"trade_seq": 8344, "trade_id": "238249386", "timestamp": 1671874772224, "tick_direction": 3, "price": 0.0005, "mark_price": 0.00047639, "iv": 63.4, "instrument_name": "BTC-30DEC22-20000-C", "index_price": 16835.04, "direction": "buy", "amount": 0.1}, {"trade_seq": 8343, "trade_id": "238245565", "timestamp": 1671861284286, "tick_direction": 3, "price": 0.0005, "mark_price": 0.00067221, "iv": 62.88, "instrument_name": "BTC-30DEC22-20000-C", "index_price": 16821.02, "direction": "sell", "amount": 1.6}, {"trade_seq": 8342, "trade_id": "238244076", "timestamp": 1671849867045, "tick_direction": 3, "price": 0.0005, "mark_price": 0.00072012, "iv": 62.22, "instrument_name": "BTC-30DEC22-20000-C", "index_price": 16821.89, "direction": "sell", "amount": 5.0}, {"trade_seq": 8341, "trade_id": "238244075", "timestamp": 1671849865995, "tick_direction": 3, "price": 0.0005, "mark_price": 0.0007201, "iv": 62.22, "instrument_name": "BTC-30DEC22-20000-C", "index_price": 16821.89, "direction": "sell", "amount": 1.4}, {"trade_seq": 8340, "trade_id": "238244074", "timestamp": 1671849865995, "tick_direction": 3, "price": 0.0005, "mark_price": 0.0007201, "iv": 62.22, "instrument_name": "BTC-30DEC22-20000-C", "index_price": 16821.89, "direction": "sell", "amount": 6.5}, {"trade_seq": 8339, "trade_id": "238244073", "timestamp": 1671849865995, "tick_direction": 3, "price": 0.0005, "mark_price": 0.0007201, "iv": 62.22, "instrument_name": "BTC-30DEC22-20000-C", "index_price": 16821.89, "direction": "sell", "amount": 1.0}, {"trade_seq": 8338, "trade_id": "238244072", "timestamp": 1671849865995, "tick_direction": 3, "price": 0.0005, "mark_price": 0.0007201, "iv": 62.22, "instrument_name": "BTC-30DEC22-20000-C", "index_price": 16821.89, "direction": "sell", "amount": 4.0}, {"trade_seq": 8337, "trade_id": "238244071", "timestamp": 1671849865995, "tick_direction": 3, "price": 0.0005, "mark_price": 0.0007201, "iv": 62.22, "instrument_name": "BTC-30DEC22-20000-C", "index_price": 16821.89, "direction": "sell", "amount": 0.2}, {"trade_seq": 8336, "trade_id": "238244070", "timestamp": 1671849865995, "tick_direction": 3, "price": 0.0005, "mark_price": 0.0007201, "iv": 62.22, "instrument_name": "BTC-30DEC22-20000-C", "index_price": 16821.89, "direction": "sell", "amount": 5.0}, {"trade_seq": 8335, "trade_id": "238244069", "timestamp": 1671849865995, "tick_direction": 3, "price": 0.0005, "mark_price": 0.0007201, "iv": 62.22, "instrument_name": "BTC-30DEC22-20000-C", "index_price": 16821.89, "direction": "sell", "amount": 2.0}, {"trade_seq": 8334, "trade_id": "238244068", "timestamp": 1671849865995, "tick_direction": 3, "price": 0.0005, "mark_price": 0.0007201, "iv": 62.22, "instrument_name": "BTC-30DEC22-20000-C", "index_price": 16821.89, "direction": "sell", "amount": 0.1}, {"trade_seq": 8333, "trade_id": "238244067", "timestamp": 1671849865995, "tick_direction": 3, "price": 0.0005, "mark_price": 0.0007201, "iv": 62.22, "instrument_name": "BTC-30DEC22-20000-C", "index_price": 16821.89, "direction": "sell", "amount": 0.1}, {"trade_seq": 8332, "trade_id": "238244066", "timestamp": 1671849865995, "tick_direction": 3, "price": 0.0005, "mark_price": 0.0007201, "iv": 62.22, "instrument_name": "BTC-30DEC22-20000-C", "index_price": 16821.89, "direction": "sell", "amount": 0.7}, {"trade_seq": 8331, "trade_id": "238244065", "timestamp": 1671849864958, "tick_direction": 3, "price": 0.0005, "mark_price": 0.00072013, "iv": 62.22, "instrument_name": "BTC-30DEC22-20000-C", "index_price": 16821.94, "direction": "sell", "amount": 7.3}, {"trade_seq": 8330, "trade_id": "238244064", "timestamp": 1671849864958, "tick_direction": 3, "price": 0.0005, "mark_price": 0.00072013, "iv": 62.22, "instrument_name": "BTC-30DEC22-20000-C", "index_price": 16821.94, "direction": "sell", "amount": 13.7}, {"trade_seq": 8329, "trade_id": "238242152", "timestamp": 1671837741595, "tick_direction": 3, "price": 0.0005, "mark_price": 0.00072461, "iv": 61.99, "instrument_name": "BTC-30DEC22-20000-C", "index_price": 16785.95, "direction": "sell", "amount": 0.3}, {"trade_seq": 8328, "trade_id": "238238099", "timestamp": 1671826596051, "tick_direction": 3, "price": 0.0005, "mark_price": 0.00071748, "iv": 60.59, "instrument_name": "BTC-30DEC22-20000-C", "index_price": 16832.69, "direction": "sell", "amount": 0.1}, {"trade_seq": 8327, "trade_id": "238235831", "timestamp": 1671817551897, "tick_direction": 3, "price": 0.0005, "mark_price": 0.00070857, "iv": 60.17, "instrument_name": "BTC-30DEC22-20000-C", "index_price": 16835.98, "direction": "sell", "amount": 0.2}, {"trade_seq": 8326, "trade_id": "238235817", "timestamp": 1671817420777, "tick_direction": 3, "price": 0.0005, "mark_price": 0.00070812, "iv": 60.12, "instrument_name": "BTC-30DEC22-20000-C", "index_price": 16835.31, "direction": "sell", "amount": 0.1}, {"trade_seq": 8325, "trade_id": "238235755", "timestamp": 1671817271710, "tick_direction": 3, "price": 0.0005, "mark_price": 0.00072041, "iv": 59.92, "instrument_name": "BTC-30DEC22-20000-C", "index_price": 16846.97, "direction": "sell", "amount": 0.2}, {"trade_seq": 8324, "trade_id": "238235732", "timestamp": 1671817077882, "tick_direction": 3, "price": 0.0005, "mark_price": 0.00072671, "iv": 59.84, "instrument_name": "BTC-30DEC22-20000-C", "index_price": 16849.03, "direction": "sell", "amount": 10.0}, {"trade_seq": 8323, "trade_id": "238234903", "timestamp": 1671812657462, "tick_direction": 3, "price": 0.0005, "mark_price": 0.00070563, "iv": 60.05, "instrument_name": "BTC-30DEC22-20000-C", "index_price": 16824.28, "direction": "sell", "amount": 1.0}, {"trade_seq": 8322, "trade_id": "238230217", "timestamp": 1671806035218, "tick_direction": 3, "price": 0.0005, "mark_price": 0.00072956, "iv": 59.84, "instrument_name": "BTC-30DEC22-20000-C", "index_price": 16820.05, "direction": "sell", "amount": 0.1}, {"trade_seq": 8321, "trade_id": "238229541", "timestamp": 1671805230098, "tick_direction": 3, "price": 0.0005, "mark_price": 0.00070961, "iv": 59.8, "instrument_name": "BTC-30DEC22-20000-C", "index_price": 16817.05, "direction": "sell", "amount": 0.1}, {"trade_seq": 8320, "trade_id": "238221104", "timestamp": 1671796751719, "tick_direction": 3, "price": 0.0005, "mark_price": 0.00071595, "iv": 58.89, "instrument_name": "BTC-30DEC22-20000-C", "index_price": 16844.66, "direction": "sell", "amount": 0.6}, {"trade_seq": 8319, "trade_id": "238221014", "timestamp": 1671796205348, "tick_direction": 3, "price": 0.0005, "mark_price": 0.00072672, "iv": 58.78, "instrument_name": "BTC-30DEC22-20000-C", "index_price": 16849.42, "direction": "sell", "amount": 0.2}, {"trade_seq": 8318, "trade_id": "238217759", "timestamp": 1671788511984, "tick_direction": 3, "price": 0.0005, "mark_price": 0.00073113, "iv": 58.59, "instrument_name": "BTC-30DEC22-20000-C", "index_price": 16837.32, "direction": "sell", "amount": 0.5}, {"trade_seq": 8317, "trade_id": "238217536", "timestamp": 1671788065722, "tick_direction": 3, "price": 0.0005, "mark_price": 0.00072297, "iv": 58.76, "instrument_name": "BTC-30DEC22-20000-C", "index_price": 16826.86, "direction": "sell", "amount": 0.1}, {"trade_seq": 8316, "trade_id": "238217414", "timestamp": 1671787658774, "tick_direction": 3, "price": 0.0005, "mark_price": 0.00071573, "iv": 58.8, "instrument_name": "BTC-30DEC22-20000-C", "index_price": 16824.22, "direction": "sell", "amount": 0.2}, {"trade_seq": 8315, "trade_id": "238216352", "timestamp": 1671785780148, "tick_direction": 2, "price": 0.0005, "mark_price": 0.0007195, "iv": 58.55, "instrument_name": "BTC-30DEC22-20000-C", "index_price": 16835.67, "direction": "sell", "amount": 0.1}, {"trade_seq": 8314, "trade_id": "238216175", "timestamp": 1671785311448, "tick_direction": 1, "price": 0.001, "mark_price": 0.00072763, "iv": 65.0, "instrument_name": "BTC-30DEC22-20000-C", "index_price": 16834.04, "direction": "buy", "amount": 0.5}, {"trade_seq": 8313, "trade_id": "238216073", "timestamp": 1671785216866, "tick_direction": 0, "price": 0.001, "mark_price": 0.00072476, "iv": 65.04, "instrument_name": "BTC-30DEC22-20000-C", "index_price": 16834.97, "direction": "buy", "amount": 0.5}, {"trade_seq": 8312, "trade_id": "238216046", "timestamp": 1671785036923, "tick_direction": 3, "price": 0.0005, "mark_price": 0.00072681, "iv": 58.47, "instrument_name": "BTC-30DEC22-20000-C", "index_price": 16835.05, "direction": "sell", "amount": 0.4}, {"trade_seq": 8311, "trade_id": "238216031", "timestamp": 1671784960907, "tick_direction": 3, "price": 0.0005, "mark_price": 0.00073125, "iv": 58.43, "instrument_name": "BTC-30DEC22-20000-C", "index_price": 16836.72, "direction": "sell", "amount": 0.1}, {"trade_seq": 8310, "trade_id": "238215503", "timestamp": 1671783692466, "tick_direction": 3, "price": 0.0005, "mark_price": 0.00071963, "iv": 58.51, "instrument_name": "BTC-30DEC22-20000-C", "index_price": 16830.6, "direction": "sell", "amount": 0.1}, {"trade_seq": 8309, "trade_id": "238215339", "timestamp": 1671783481386, "tick_direction": 3, "price": 0.0005, "mark_price": 0.00071001, "iv": 58.58, "instrument_name": "BTC-30DEC22-20000-C", "index_price": 16824.4, "direction": "sell", "amount": 0.1}, {"trade_seq": 8308, "trade_id": "238215248", "timestamp": 1671783398357, "tick_direction": 3, "price": 0.0005, "mark_price": 0.00071612, "iv": 58.48, "instrument_name": "BTC-30DEC22-20000-C", "index_price": 16829.55, "direction": "sell", "amount": 0.1}, {"trade_seq": 8307, "trade_id": "238215225", "timestamp": 1671783356348, "tick_direction": 3, "price": 0.0005, "mark_price": 0.00071991, "iv": 58.43, "instrument_name": "BTC-30DEC22-20000-C", "index_price": 16832.39, "direction": "sell", "amount": 0.1}, {"trade_seq": 8306, "trade_id": "238215071", "timestamp": 1671783094279, "tick_direction": 3, "price": 0.0005, "mark_price": 0.00070489, "iv": 58.55, "instrument_name": "BTC-30DEC22-20000-C", "index_price": 16823.69, "direction": "sell", "amount": 0.1}, {"trade_seq": 8305, "trade_id": "238214830", "timestamp": 1671782878180, "tick_direction": 3, "price": 0.0005, "mark_price": 0.00069613, "iv": 58.54, "instrument_name": "BTC-30DEC22-20000-C", "index_price": 16824.64, "direction": "sell", "amount": 0.1}, {"trade_seq": 8304, "trade_id": "238214734", "timestamp": 1671782832176, "tick_direction": 3, "price": 0.0005, "mark_price": 0.00070723, "iv": 58.35, "instrument_name": "BTC-30DEC22-20000-C", "index_price": 16835.21, "direction": "sell", "amount": 0.1}, {"trade_seq": 8303, "trade_id": "238214265", "timestamp": 1671782641089, "tick_direction": 3, "price": 0.0005, "mark_price": 0.00074018, "iv": 58.0, "instrument_name": "BTC-30DEC22-20000-C", "index_price": 16854.12, "direction": "sell", "amount": 0.2}, {"trade_seq": 8302, "trade_id": "238214094", "timestamp": 1671782612066, "tick_direction": 3, "price": 0.0005, "mark_price": 0.00074098, "iv": 58.0, "instrument_name": "BTC-30DEC22-20000-C", "index_price": 16854.68, "direction": "sell", "amount": 0.1}, {"trade_seq": 8301, "trade_id": "238213747", "timestamp": 1671782516031, "tick_direction": 3, "price": 0.0005, "mark_price": 0.00073641, "iv": 58.1, "instrument_name": "BTC-30DEC22-20000-C", "index_price": 16852.65, "direction": "sell", "amount": 0.1}, {"trade_seq": 8300, "trade_id": "238213508", "timestamp": 1671782473024, "tick_direction": 2, "price": 0.0005, "mark_price": 0.00073005, "iv": 58.2, "instrument_name": "BTC-30DEC22-20000-C", "index_price": 16850.56, "direction": "sell", "amount": 0.4}, {"trade_seq": 8299, "trade_id": "238208503", "timestamp": 1671765484001, "tick_direction": 3, "price": 0.001, "mark_price": 0.00072537, "iv": 63.46, "instrument_name": "BTC-30DEC22-20000-C", "index_price": 16865.07, "direction": "buy", "amount": 1.0}, {"trade_seq": 8298, "trade_id": "238208502", "timestamp": 1671765479922, "tick_direction": 3, "price": 0.001, "mark_price": 0.00072503, "iv": 63.46, "instrument_name": "BTC-30DEC22-20000-C", "index_price": 16864.92, "direction": "buy", "amount": 1.0}, {"trade_seq": 8297, "trade_id": "238207899", "timestamp": 1671764535532, "tick_direction": 3, "price": 0.001, "mark_price": 0.00077293, "iv": 63.29, "instrument_name": "BTC-30DEC22-20000-C", "index_price": 16873.07, "direction": "buy", "amount": 1.0}, {"trade_seq": 8296, "trade_id": "238207892", "timestamp": 1671764532929, "tick_direction": 3, "price": 0.001, "mark_price": 0.00078118, "iv": 63.23, "instrument_name": "BTC-30DEC22-20000-C", "index_price": 16876.74, "direction": "buy", "amount": 1.0}, {"trade_seq": 8295, "trade_id": "238207864", "timestamp": 1671764530224, "tick_direction": 3, "price": 0.001, "mark_price": 0.00078407, "iv": 63.16, "instrument_name": "BTC-30DEC22-20000-C", "index_price": 16880.05, "direction": "buy", "amount": 1.0}, {"trade_seq": 8294, "trade_id": "238207577", "timestamp": 1671764473477, "tick_direction": 3, "price": 0.001, "mark_price": 0.00078556, "iv": 63.24, "instrument_name": "BTC-30DEC22-20000-C", "index_price": 16868.55, "direction": "buy", "amount": 1.0}, {"trade_seq": 8293, "trade_id": "238207574", "timestamp": 1671764469298, "tick_direction": 3, "price": 0.001, "mark_price": 0.00078602, "iv": 63.24, "instrument_name": "BTC-30DEC22-20000-C", "index_price": 16868.83, "direction": "buy", "amount": 1.0}, {"trade_seq": 8292, "trade_id": "238207289", "timestamp": 1671764428591, "tick_direction": 3, "price": 0.001, "mark_price": 0.00075595, "iv": 63.67, "instrument_name": "BTC-30DEC22-20000-C", "index_price": 16850.75, "direction": "buy", "amount": 1.0}, {"trade_seq": 8291, "trade_id": "238207003", "timestamp": 1671764385278, "tick_direction": 3, "price": 0.001, "mark_price": 0.00075872, "iv": 63.68, "instrument_name": "BTC-30DEC22-20000-C", "index_price": 16847.53, "direction": "buy", "amount": 0.3}, {"trade_seq": 8290, "trade_id": "238207002", "timestamp": 1671764380416, "tick_direction": 3, "price": 0.001, "mark_price": 0.00075948, "iv": 63.67, "instrument_name": "BTC-30DEC22-20000-C", "index_price": 16847.72, "direction": "buy", "amount": 0.3}, {"trade_seq": 8289, "trade_id": "238206996", "timestamp": 1671764376824, "tick_direction": 3, "price": 0.001, "mark_price": 0.0007626, "iv": 63.67, "instrument_name": "BTC-30DEC22-20000-C", "index_price": 16847.83, "direction": "buy", "amount": 0.3}, {"trade_seq": 8288, "trade_id": "238205336", "timestamp": 1671760690264, "tick_direction": 3, "price": 0.001, "mark_price": 0.00071734, "iv": 64.54, "instrument_name": "BTC-30DEC22-20000-C", "index_price": 16792.34, "direction": "buy", "amount": 0.1}, {"trade_seq": 8287, "trade_id": "238205335", "timestamp": 1671760687622, "tick_direction": 3, "price": 0.001, "mark_price": 0.00071728, "iv": 64.55, "instrument_name": "BTC-30DEC22-20000-C", "index_price": 16792.31, "direction": "buy", "amount": 0.1}, {"trade_seq": 8286, "trade_id": "238205334", "timestamp": 1671760685354, "tick_direction": 3, "price": 0.001, "mark_price": 0.00071726, "iv": 64.55, "instrument_name": "BTC-30DEC22-20000-C", "index_price": 16792.17, "direction": "buy", "amount": 0.1}, {"trade_seq": 8285, "trade_id": "238205331", "timestamp": 1671760682174, "tick_direction": 2, "price": 0.001, "mark_price": 0.00071685, "iv": 64.55, "instrument_name": "BTC-30DEC22-20000-C", "index_price": 16792.17, "direction": "buy", "amount": 0.1}, {"trade_seq": 8284, "trade_id": "238171825", "timestamp": 1671714647947, "tick_direction": 3, "price": 0.0005, "mark_price": 0.00070662, "iv": 55.95, "instrument_name": "BTC-30DEC22-20000-C", "index_price": 16802.12, "direction": "sell", "amount": 0.5}, {"trade_seq": 8283, "trade_id": "238171824", "timestamp": 1671714647947, "tick_direction": 2, "price": 0.0005, "mark_price": 0.00070662, "iv": 55.95, "instrument_name": "BTC-30DEC22-20000-C", "index_price": 16802.12, "direction": "sell", "amount": 0.1}, {"trade_seq": 8282, "trade_id": "238170651", "timestamp": 1671711405335, "tick_direction": 3, "price": 0.001, "mark_price": 0.00072748, "iv": 61.39, "instrument_name": "BTC-30DEC22-20000-C", "index_price": 16838.34, "direction": "buy", "amount": 4.9}, {"trade_seq": 8281, "trade_id": "238170650", "timestamp": 1671711405335, "tick_direction": 3, "price": 0.001, "mark_price": 0.00072748, "iv": 61.39, "instrument_name": "BTC-30DEC22-20000-C", "index_price": 16838.34, "direction": "buy", "amount": 1.0}, {"trade_seq": 8280, "trade_id": "238167925", "timestamp": 1671703225662, "tick_direction": 3, "price": 0.001, "mark_price": 0.00072213, "iv": 60.86, "instrument_name": "BTC-30DEC22-20000-C", "index_price": 16849.61, "direction": "buy", "amount": 0.2}, {"trade_seq": 8279, "trade_id": "238167924", "timestamp": 1671703225662, "tick_direction": 3, "price": 0.001, "mark_price": 0.00072213, "iv": 60.86, "instrument_name": "BTC-30DEC22-20000-C", "index_price": 16849.61, "direction": "buy", "amount": 0.8}, {"trade_seq": 8278, "trade_id": "238167916", "timestamp": 1671703150161, "tick_direction": 3, "price": 0.001, "mark_price": 0.00072173, "iv": 60.87, "instrument_name": "BTC-30DEC22-20000-C", "index_price": 16849.19, "direction": "buy", "amount": 1.0}, {"trade_seq": 8277, "trade_id": "238167890", "timestamp": 1671703043525, "tick_direction": 3, "price": 0.001, "mark_price": 0.00072044, "iv": 60.88, "instrument_name": "BTC-30DEC22-20000-C", "index_price": 16848.98, "direction": "buy", "amount": 0.3}, {"trade_seq": 8276, "trade_id": "238167887", "timestamp": 1671702982070, "tick_direction": 3, "price": 0.001, "mark_price": 0.00071637, "iv": 60.92, "instrument_name": "BTC-30DEC22-20000-C", "index_price": 16846.38, "direction": "buy", "amount": 0.1}, {"trade_seq": 8275, "trade_id": "238165521", "timestamp": 1671698822604, "tick_direction": 3, "price": 0.001, "mark_price": 0.00070513, "iv": 61.15, "instrument_name": "BTC-30DEC22-20000-C", "index_price": 16824.28, "direction": "buy", "amount": 0.1}, {"trade_seq": 8274, "trade_id": "238165325", "timestamp": 1671698487700, "tick_direction": 3, "price": 0.001, "mark_price": 0.00072172, "iv": 60.86, "instrument_name": "BTC-30DEC22-20000-C", "index_price": 16839.0, "direction": "buy", "amount": 0.1}, {"trade_seq": 8273, "trade_id": "238141936", "timestamp": 1671641158288, "tick_direction": 3, "price": 0.001, "mark_price": 0.0009003, "iv": 58.98, "instrument_name": "BTC-30DEC22-20000-C", "index_price": 16808.78, "direction": "sell", "amount": 2.3}, {"trade_seq": 8272, "trade_id": "238140683", "timestamp": 1671638568859, "tick_direction": 3, "price": 0.001, "mark_price": 0.00114532, "iv": 57.95, "instrument_name": "BTC-30DEC22-20000-C", "index_price": 16865.07, "direction": "sell", "amount": 2.3}, {"trade_seq": 8271, "trade_id": "238140311", "timestamp": 1671637489285, "tick_direction": 3, "price": 0.001, "mark_price": 0.00090586, "iv": 58.04, "instrument_name": "BTC-30DEC22-20000-C", "index_price": 16856.8, "direction": "buy", "amount": 0.2}, {"trade_seq": 8270, "trade_id": "238133494", "timestamp": 1671631699492, "tick_direction": 3, "price": 0.001, "mark_price": 0.00124062, "iv": 57.95, "instrument_name": "BTC-30DEC22-20000-C", "index_price": 16850.59, "direction": "sell", "amount": 18.0}, {"trade_seq": 8269, "trade_id": "238132599", "timestamp": 1671628513239, "tick_direction": 3, "price": 0.001, "mark_price": 0.00117679, "iv": 57.84, "instrument_name": "BTC-30DEC22-20000-C", "index_price": 16850.83, "direction": "sell", "amount": 21.0}, {"trade_seq": 8268, "trade_id": "238132589", "timestamp": 1671628489614, "tick_direction": 3, "price": 0.001, "mark_price": 0.00117522, "iv": 57.83, "instrument_name": "BTC-30DEC22-20000-C", "index_price": 16851.5, "direction": "sell", "amount": 21.0}, {"trade_seq": 8267, "trade_id": "238131517", "timestamp": 1671624856079, "tick_direction": 3, "price": 0.001, "mark_price": 0.00120699, "iv": 57.61, "instrument_name": "BTC-30DEC22-20000-C", "index_price": 16858.62, "direction": "buy", "amount": 3.1}, {"trade_seq": 8266, "trade_id": "238131514", "timestamp": 1671624856076, "tick_direction": 3, "price": 0.001, "mark_price": 0.00120699, "iv": 57.61, "instrument_name": "BTC-30DEC22-20000-C", "index_price": 16858.62, "direction": "sell", "amount": 0.2}, {"trade_seq": 8265, "trade_id": "238131513", "timestamp": 1671624856076, "tick_direction": 3, "price": 0.001, "mark_price": 0.00120699, "iv": 57.61, "instrument_name": "BTC-30DEC22-20000-C", "index_price": 16858.62, "direction": "sell", "amount": 15.0}, {"trade_seq": 8264, "trade_id": "238131512", "timestamp": 1671624856076, "tick_direction": 3, "price": 0.001, "mark_price": 0.00120699, "iv": 57.61, "instrument_name": "BTC-30DEC22-20000-C", "index_price": 16858.62, "direction": "sell", "amount": 0.9}, {"trade_seq": 8263, "trade_id": "238130624", "timestamp": 1671620789884, "tick_direction": 3, "price": 0.001, "mark_price": 0.00122549, "iv": 57.39, "instrument_name": "BTC-30DEC22-20000-C", "index_price": 16863.52, "direction": "sell", "amount": 0.1}, {"trade_seq": 8262, "trade_id": "238126269", "timestamp": 1671610068570, "tick_direction": 3, "price": 0.001, "mark_price": 0.00122294, "iv": 57.82, "instrument_name": "BTC-30DEC22-20000-C", "index_price": 16810.09, "direction": "sell", "amount": 0.5}, {"trade_seq": 8261, "trade_id": "238121334", "timestamp": 1671592446409, "tick_direction": 3, "price": 0.001, "mark_price": 0.0012096, "iv": 56.99, "instrument_name": "BTC-30DEC22-20000-C", "index_price": 16823.47, "direction": "sell", "amount": 0.7}, {"trade_seq": 8260, "trade_id": "238121333", "timestamp": 1671592446409, "tick_direction": 3, "price": 0.001, "mark_price": 0.0012096, "iv": 56.99, "instrument_name": "BTC-30DEC22-20000-C", "index_price": 16823.47, "direction": "sell", "amount": 0.2}, {"trade_seq": 8259, "trade_id": "238121332", "timestamp": 1671592446409, "tick_direction": 3, "price": 0.001, "mark_price": 0.0012096, "iv": 56.99, "instrument_name": "BTC-30DEC22-20000-C", "index_price": 16823.47, "direction": "sell", "amount": 0.1}, {"trade_seq": 8258, "trade_id": "238121272", "timestamp": 1671592289389, "tick_direction": 2, "price": 0.001, "mark_price": 0.00119084, "iv": 57.04, "instrument_name": "BTC-30DEC22-20000-C", "index_price": 16819.74, "direction": "sell", "amount": 0.1}, {"trade_seq": 8257, "trade_id": "238107381", "timestamp": 1671556530497, "tick_direction": 1, "price": 0.0015, "mark_price": 0.00124644, "iv": 59.96, "instrument_name": "BTC-30DEC22-20000-C", "index_price": 16811.04, "direction": "buy", "amount": 0.1}, {"trade_seq": 8256, "trade_id": "238107380", "timestamp": 1671556529526, "tick_direction": 1, "price": 0.0015, "mark_price": 0.00125423, "iv": 59.92, "instrument_name": "BTC-30DEC22-20000-C", "index_price": 16809.52, "direction": "buy", "amount": 0.4}, {"trade_seq": 8255, "trade_id": "238107364", "timestamp": 1671556524093, "tick_direction": 1, "price": 0.0015, "mark_price": 0.00125636, "iv": 59.91, "instrument_name": "BTC-30DEC22-20000-C", "index_price": 16813.07, "direction": "buy", "amount": 0.2}, {"trade_seq": 8254, "trade_id": "238107362", "timestamp": 1671556520662, "tick_direction": 1, "price": 0.0015, "mark_price": 0.00125725, "iv": 59.91, "instrument_name": "BTC-30DEC22-20000-C", "index_price": 16812.59, "direction": "buy", "amount": 0.1}, {"trade_seq": 8253, "trade_id": "238102617", "timestamp": 1671551794830, "tick_direction": 1, "price": 0.0015, "mark_price": 0.00119948, "iv": 57.8, "instrument_name": "BTC-30DEC22-20000-C", "index_price": 16935.63, "direction": "buy", "amount": 2.2}, {"trade_seq": 8252, "trade_id": "238102616", "timestamp": 1671551794830, "tick_direction": 1, "price": 0.0015, "mark_price": 0.00119948, "iv": 57.8, "instrument_name": "BTC-30DEC22-20000-C", "index_price": 16935.63, "direction": "buy", "amount": 5.0}, {"trade_seq": 8251, "trade_id": "238102615", "timestamp": 1671551794615, "tick_direction": 1, "price": 0.0015, "mark_price": 0.00119948, "iv": 57.8, "instrument_name": "BTC-30DEC22-20000-C", "index_price": 16935.63, "direction": "buy", "amount": 15.0}, {"trade_seq": 8250, "trade_id": "238102614", "timestamp": 1671551794615, "tick_direction": 0, "price": 0.0015, "mark_price": 0.00119948, "iv": 57.8, "instrument_name": "BTC-30DEC22-20000-C", "index_price": 16935.63, "direction": "buy", "amount": 15.0}, {"trade_seq": 8249, "trade_id": "238090492", "timestamp": 1671545584484, "tick_direction": 2, "price": 0.001, "mark_price": 0.00121291, "iv": 55.91, "instrument_name": "BTC-30DEC22-20000-C", "index_price": 16790.96, "direction": "sell", "amount": 0.2}, {"trade_seq": 8248, "trade_id": "238089817", "timestamp": 1671543718844, "tick_direction": 1, "price": 0.0015, "mark_price": 0.00125134, "iv": 59.37, "instrument_name": "BTC-30DEC22-20000-C", "index_price": 16820.35, "direction": "buy", "amount": 0.5}, {"trade_seq": 8247, "trade_id": "238089158", "timestamp": 1671542044626, "tick_direction": 1, "price": 0.0015, "mark_price": 0.00122027, "iv": 59.48, "instrument_name": "BTC-30DEC22-20000-C", "index_price": 16811.44, "direction": "buy", "amount": 9.6}, {"trade_seq": 8246, "trade_id": "238089157", "timestamp": 1671542044626, "tick_direction": 1, "price": 0.0015, "mark_price": 0.00122027, "iv": 59.48, "instrument_name": "BTC-30DEC22-20000-C", "index_price": 16811.44, "direction": "buy", "amount": 10.4}, {"trade_seq": 8245, "trade_id": "238089156", "timestamp": 1671542044626, "tick_direction": 1, "price": 0.0015, "mark_price": 0.00122027, "iv": 59.48, "instrument_name": "BTC-30DEC22-20000-C", "index_price": 16811.44, "direction": "buy", "amount": 10.0}, {"trade_seq": 8244, "trade_id": "238089145", "timestamp": 1671542002305, "tick_direction": 1, "price": 0.0015, "mark_price": 0.00121381, "iv": 59.53, "instrument_name": "BTC-30DEC22-20000-C", "index_price": 16810.51, "direction": "buy", "amount": 10.0}, {"trade_seq": 8243, "trade_id": "238087343", "timestamp": 1671537675151, "tick_direction": 1, "price": 0.0015, "mark_price": 0.00125324, "iv": 59.13, "instrument_name": "BTC-30DEC22-20000-C", "index_price": 16819.06, "direction": "buy", "amount": 0.9}, {"trade_seq": 8242, "trade_id": "238087342", "timestamp": 1671537675151, "tick_direction": 0, "price": 0.0015, "mark_price": 0.00125324, "iv": 59.13, "instrument_name": "BTC-30DEC22-20000-C", "index_price": 16819.06, "direction": "buy", "amount": 0.2}, {"trade_seq": 8241, "trade_id": "238085336", "timestamp": 1671533864669, "tick_direction": 3, "price": 0.001, "mark_price": 0.00130342, "iv": 55.72, "instrument_name": "BTC-30DEC22-20000-C", "index_price": 16774.46, "direction": "sell", "amount": 0.2}, {"trade_seq": 8240, "trade_id": "238085113", "timestamp": 1671533526930, "tick_direction": 3, "price": 0.001, "mark_price": 0.0013131, "iv": 55.47, "instrument_name": "BTC-30DEC22-20000-C", "index_price": 16792.0, "direction": "sell", "amount": 0.2}, {"trade_seq": 8239, "trade_id": "238084761", "timestamp": 1671532936686, "tick_direction": 3, "price": 0.001, "mark_price": 0.00131351, "iv": 55.42, "instrument_name": "BTC-30DEC22-20000-C", "index_price": 16794.29, "direction": "sell", "amount": 0.2}, {"trade_seq": 8238, "trade_id": "238084760", "timestamp": 1671532936686, "tick_direction": 2, "price": 0.001, "mark_price": 0.00131351, "iv": 55.42, "instrument_name": "BTC-30DEC22-20000-C", "index_price": 16794.29, "direction": "sell", "amount": 0.1}, {"trade_seq": 8237, "trade_id": "238077035", "timestamp": 1671522671954, "tick_direction": 3, "price": 0.0015, "mark_price": 0.00173846, "iv": 59.1, "instrument_name": "BTC-30DEC22-20000-C", "index_price": 16797.62, "direction": "sell", "amount": 1.0}, {"trade_seq": 8236, "trade_id": "238077034", "timestamp": 1671522671954, "tick_direction": 3, "price": 0.0015, "mark_price": 0.00173846, "iv": 59.1, "instrument_name": "BTC-30DEC22-20000-C", "index_price": 16797.62, "direction": "sell", "amount": 1.2}, {"trade_seq": 8235, "trade_id": "238075945", "timestamp": 1671520859709, "tick_direction": 3, "price": 0.0015, "mark_price": 0.00172878, "iv": 58.68, "instrument_name": "BTC-30DEC22-20000-C", "index_price": 16812.81, "direction": "sell", "amount": 5.0}, {"trade_seq": 8234, "trade_id": "238072749", "timestamp": 1671515909423, "tick_direction": 3, "price": 0.0015, "mark_price": 0.0017448, "iv": 58.98, "instrument_name": "BTC-30DEC22-20000-C", "index_price": 16789.72, "direction": "sell", "amount": 0.2}, {"trade_seq": 8233, "trade_id": "238053759", "timestamp": 1671497374246, "tick_direction": 0, "price": 0.002, "mark_price": 0.00172503, "iv": 67.22, "instrument_name": "BTC-30DEC22-20000-C", "index_price": 16459.78, "direction": "buy", "amount": 0.5}, {"trade_seq": 8232, "trade_id": "238048832", "timestamp": 1671490349659, "tick_direction": 2, "price": 0.0015, "mark_price": 0.00170011, "iv": 64.79, "instrument_name": "BTC-30DEC22-20000-C", "index_price": 16376.32, "direction": "sell", "amount": 0.2}, {"trade_seq": 8231, "trade_id": "238048712", "timestamp": 1671490244581, "tick_direction": 0, "price": 0.0017, "mark_price": 0.00170778, "iv": 66.16, "instrument_name": "BTC-30DEC22-20000-C", "index_price": 16378.24, "direction": "buy", "block_trade_id": "59350", "amount": 25.0}, {"trade_seq": 8230, "trade_id": "238047800", "timestamp": 1671489651841, "tick_direction": 3, "price": 0.0015, "mark_price": 0.00174035, "iv": 64.45, "instrument_name": "BTC-30DEC22-20000-C", "index_price": 16392.84, "direction": "sell", "amount": 1.0}, {"trade_seq": 8229, "trade_id": "238043790", "timestamp": 1671489086985, "tick_direction": 2, "price": 0.0015, "mark_price": 0.00161822, "iv": 62.35, "instrument_name": "BTC-30DEC22-20000-C", "index_price": 16521.02, "direction": "sell", "amount": 20.0}, {"trade_seq": 8228, "trade_id": "238042772", "timestamp": 1671485910836, "tick_direction": 0, "price": 0.002, "mark_price": 0.00170394, "iv": 64.22, "instrument_name": "BTC-30DEC22-20000-C", "index_price": 16603.5, "direction": "buy", "amount": 0.1}, {"trade_seq": 8227, "trade_id": "238042688", "timestamp": 1671485728413, "tick_direction": 3, "price": 0.0015, "mark_price": 0.00170972, "iv": 60.82, "instrument_name": "BTC-30DEC22-20000-C", "index_price": 16609.04, "direction": "sell", "amount": 0.2}, {"trade_seq": 8226, "trade_id": "238041284", "timestamp": 1671481248644, "tick_direction": 3, "price": 0.0015, "mark_price": 0.00175648, "iv": 61.15, "instrument_name": "BTC-30DEC22-20000-C", "index_price": 16575.54, "direction": "sell", "amount": 3.0}, {"trade_seq": 8225, "trade_id": "238041283", "timestamp": 1671481242897, "tick_direction": 3, "price": 0.0015, "mark_price": 0.00175599, "iv": 61.16, "instrument_name": "BTC-30DEC22-20000-C", "index_price": 16575.14, "direction": "sell", "amount": 3.0}, {"trade_seq": 8224, "trade_id": "238041282", "timestamp": 1671481237890, "tick_direction": 3, "price": 0.0015, "mark_price": 0.00175611, "iv": 61.15, "instrument_name": "BTC-30DEC22-20000-C", "index_price": 16575.34, "direction": "sell", "amount": 3.0}, {"trade_seq": 8223, "trade_id": "238041274", "timestamp": 1671481226755, "tick_direction": 3, "price": 0.0015, "mark_price": 0.00175425, "iv": 61.15, "instrument_name": "BTC-30DEC22-20000-C", "index_price": 16575.1, "direction": "sell", "amount": 3.0}, {"trade_seq": 8222, "trade_id": "238039839", "timestamp": 1671479112089, "tick_direction": 2, "price": 0.0015, "mark_price": 0.00174552, "iv": 61.48, "instrument_name": "BTC-30DEC22-20000-C", "index_price": 16553.76, "direction": "sell", "amount": 0.2}, {"trade_seq": 8221, "trade_id": "238039071", "timestamp": 1671477434887, "tick_direction": 1, "price": 0.002, "mark_price": 0.00168886, "iv": 65.04, "instrument_name": "BTC-30DEC22-20000-C", "index_price": 16540.11, "direction": "buy", "amount": 0.3}, {"trade_seq": 8220, "trade_id": "238038370", "timestamp": 1671476754316, "tick_direction": 1, "price": 0.002, "mark_price": 0.00169988, "iv": 64.86, "instrument_name": "BTC-30DEC22-20000-C", "index_price": 16545.1, "direction": "buy", "amount": 2.6}, {"trade_seq": 8219, "trade_id": "238038369", "timestamp": 1671476754316, "tick_direction": 0, "price": 0.002, "mark_price": 0.00169988, "iv": 64.86, "instrument_name": "BTC-30DEC22-20000-C", "index_price": 16545.1, "direction": "buy", "amount": 2.4}, {"trade_seq": 8218, "trade_id": "238035641", "timestamp": 1671474764036, "tick_direction": 0, "price": 0.0018, "mark_price": 0.0017481, "iv": 62.31, "instrument_name": "BTC-30DEC22-20000-C", "index_price": 16620.57, "direction": "buy", "block_trade_id": "59340", "amount": 25.0}, {"trade_seq": 8217, "trade_id": "238025049", "timestamp": 1671465581382, "tick_direction": 3, "price": 0.0015, "mark_price": 0.00169407, "iv": 59.1, "instrument_name": "BTC-30DEC22-20000-C", "index_price": 16670.85, "direction": "sell", "amount": 1.0}, {"trade_seq": 8216, "trade_id": "238025048", "timestamp": 1671465581382, "tick_direction": 3, "price": 0.0015, "mark_price": 0.00169407, "iv": 59.1, "instrument_name": "BTC-30DEC22-20000-C", "index_price": 16670.85, "direction": "sell", "amount": 1.0}, {"trade_seq": 8215, "trade_id": "238025047", "timestamp": 1671465581382, "tick_direction": 2, "price": 0.0015, "mark_price": 0.00169407, "iv": 59.1, "instrument_name": "BTC-30DEC22-20000-C", "index_price": 16670.85, "direction": "sell", "amount": 0.8}, {"trade_seq": 8214, "trade_id": "238018205", "timestamp": 1671450430550, "tick_direction": 0, "price": 0.002, "mark_price": 0.00172565, "iv": 60.63, "instrument_name": "BTC-30DEC22-20000-C", "index_price": 16745.23, "direction": "buy", "amount": 1.0}, {"trade_seq": 8213, "trade_id": "238016940", "timestamp": 1671446517870, "tick_direction": 3, "price": 0.0015, "mark_price": 0.0017494, "iv": 56.97, "instrument_name": "BTC-30DEC22-20000-C", "index_price": 16771.99, "direction": "sell", "amount": 0.2}, {"trade_seq": 8212, "trade_id": "238016939", "timestamp": 1671446517870, "tick_direction": 2, "price": 0.0015, "mark_price": 0.0017494, "iv": 56.97, "instrument_name": "BTC-30DEC22-20000-C", "index_price": 16771.99, "direction": "sell", "amount": 0.8}, {"trade_seq": 8211, "trade_id": "238014013", "timestamp": 1671438799451, "tick_direction": 1, "price": 0.002, "mark_price": 0.00186044, "iv": 60.43, "instrument_name": "BTC-30DEC22-20000-C", "index_price": 16741.17, "direction": "buy", "amount": 0.1}, {"trade_seq": 8210, "trade_id": "238014012", "timestamp": 1671438799451, "tick_direction": 0, "price": 0.002, "mark_price": 0.00186044, "iv": 60.43, "instrument_name": "BTC-30DEC22-20000-C", "index_price": 16741.17, "direction": "buy", "amount": 1.0}, {"trade_seq": 8209, "trade_id": "238010465", "timestamp": 1671429704408, "tick_direction": 2, "price": 0.0015, "mark_price": 0.00197163, "iv": 57.47, "instrument_name": "BTC-30DEC22-20000-C", "index_price": 16712.12, "direction": "sell", "amount": 0.1}, {"trade_seq": 8208, "trade_id": "238005322", "timestamp": 1671414314751, "tick_direction": 1, "price": 0.002, "mark_price": 0.00208007, "iv": 59.0, "instrument_name": "BTC-30DEC22-20000-C", "index_price": 16788.34, "direction": "buy", "amount": 0.1}, {"trade_seq": 8207, "trade_id": "238005321", "timestamp": 1671414314547, "tick_direction": 1, "price": 0.002, "mark_price": 0.00208007, "iv": 59.0, "instrument_name": "BTC-30DEC22-20000-C", "index_price": 16788.34, "direction": "buy", "amount": 0.9}, {"trade_seq": 8206, "trade_id": "238005320", "timestamp": 1671414314545, "tick_direction": 1, "price": 0.002, "mark_price": 0.00208007, "iv": 59.0, "instrument_name": "BTC-30DEC22-20000-C", "index_price": 16788.34, "direction": "sell", "amount": 1.0}, {"trade_seq": 8205, "trade_id": "238005319", "timestamp": 1671414314545, "tick_direction": 0, "price": 0.002, "mark_price": 0.00208007, "iv": 59.0, "instrument_name": "BTC-30DEC22-20000-C", "index_price": 16788.34, "direction": "sell", "amount": 0.1}, {"trade_seq": 8204, "trade_id": "237974374", "timestamp": 1671317534114, "tick_direction": 3, "price": 0.0015, "mark_price": 0.00176139, "iv": 54.08, "instrument_name": "BTC-30DEC22-20000-C", "index_price": 16743.08, "direction": "sell", "amount": 0.1}, {"trade_seq": 8203, "trade_id": "237974373", "timestamp": 1671317534114, "tick_direction": 2, "price": 0.0015, "mark_price": 0.00176139, "iv": 54.08, "instrument_name": "BTC-30DEC22-20000-C", "index_price": 16743.08, "direction": "sell", "amount": 0.1}, {"trade_seq": 8202, "trade_id": "237969988", "timestamp": 1671295358915, "tick_direction": 3, "price": 0.002, "mark_price": 0.0022197, "iv": 57.21, "instrument_name": "BTC-30DEC22-20000-C", "index_price": 16686.59, "direction": "sell", "amount": 2.5}, {"trade_seq": 8201, "trade_id": "237969599", "timestamp": 1671293718026, "tick_direction": 3, "price": 0.002, "mark_price": 0.00223802, "iv": 57.03, "instrument_name": "BTC-30DEC22-20000-C", "index_price": 16698.01, "direction": "sell", "amount": 0.5}, {"trade_seq": 8200, "trade_id": "237969598", "timestamp": 1671293718026, "tick_direction": 3, "price": 0.002, "mark_price": 0.00223802, "iv": 57.03, "instrument_name": "BTC-30DEC22-20000-C", "index_price": 16698.01, "direction": "sell", "amount": 0.1}, {"trade_seq": 8199, "trade_id": "237969597", "timestamp": 1671293711910, "tick_direction": 3, "price": 0.002, "mark_price": 0.00223721, "iv": 57.03, "instrument_name": "BTC-30DEC22-20000-C", "index_price": 16697.77, "direction": "sell", "amount": 0.2}, {"trade_seq": 8198, "trade_id": "237969590", "timestamp": 1671293707822, "tick_direction": 3, "price": 0.002, "mark_price": 0.00223681, "iv": 57.03, "instrument_name": "BTC-30DEC22-20000-C", "index_price": 16697.74, "direction": "sell", "amount": 0.2}, {"trade_seq": 8197, "trade_id": "237965967", "timestamp": 1671283794858, "tick_direction": 3, "price": 0.002, "mark_price": 0.00218238, "iv": 57.24, "instrument_name": "BTC-30DEC22-20000-C", "index_price": 16671.35, "direction": "sell", "amount": 1.0}, {"trade_seq": 8196, "trade_id": "237965260", "timestamp": 1671282051036, "tick_direction": 3, "price": 0.002, "mark_price": 0.00222882, "iv": 56.9, "instrument_name": "BTC-30DEC22-20000-C", "index_price": 16692.18, "direction": "sell", "amount": 0.9}, {"trade_seq": 8195, "trade_id": "237961218", "timestamp": 1671269975708, "tick_direction": 3, "price": 0.002, "mark_price": 0.00224322, "iv": 56.61, "instrument_name": "BTC-30DEC22-20000-C", "index_price": 16693.03, "direction": "sell", "amount": 2.0}, {"trade_seq": 8194, "trade_id": "237960988", "timestamp": 1671269385512, "tick_direction": 3, "price": 0.002, "mark_price": 0.00238562, "iv": 56.31, "instrument_name": "BTC-30DEC22-20000-C", "index_price": 16713.47, "direction": "sell", "amount": 0.7}, {"trade_seq": 8193, "trade_id": "237959929", "timestamp": 1671266306729, "tick_direction": 2, "price": 0.002, "mark_price": 0.00232503, "iv": 55.88, "instrument_name": "BTC-30DEC22-20000-C", "index_price": 16729.26, "direction": "sell", "amount": 1.0}, {"trade_seq": 8192, "trade_id": "237959111", "timestamp": 1671264562137, "tick_direction": 1, "price": 0.0025, "mark_price": 0.00272075, "iv": 58.17, "instrument_name": "BTC-30DEC22-20000-C", "index_price": 16739.18, "direction": "sell", "amount": 0.3}, {"trade_seq": 8191, "trade_id": "237959110", "timestamp": 1671264560113, "tick_direction": 1, "price": 0.0025, "mark_price": 0.00273303, "iv": 58.18, "instrument_name": "BTC-30DEC22-20000-C", "index_price": 16739.1, "direction": "sell", "amount": 0.9}, {"trade_seq": 8190, "trade_id": "237959107", "timestamp": 1671264556040, "tick_direction": 1, "price": 0.0025, "mark_price": 0.00273748, "iv": 58.18, "instrument_name": "BTC-30DEC22-20000-C", "index_price": 16739.38, "direction": "sell", "amount": 0.1}, {"trade_seq": 8189, "trade_id": "237959106", "timestamp": 1671264554020, "tick_direction": 1, "price": 0.0025, "mark_price": 0.00274183, "iv": 58.18, "instrument_name": "BTC-30DEC22-20000-C", "index_price": 16739.32, "direction": "sell", "amount": 0.3}, {"trade_seq": 8188, "trade_id": "237959092", "timestamp": 1671264551990, "tick_direction": 1, "price": 0.0025, "mark_price": 0.00274248, "iv": 58.16, "instrument_name": "BTC-30DEC22-20000-C", "index_price": 16740.65, "direction": "sell", "amount": 0.4}, {"trade_seq": 8187, "trade_id": "237950576", "timestamp": 1671248533537, "tick_direction": 0, "price": 0.0025, "mark_price": 0.00298166, "iv": 59.18, "instrument_name": "BTC-30DEC22-20000-C", "index_price": 16662.41, "direction": "sell", "amount": 0.1}, {"trade_seq": 8186, "trade_id": "237943264", "timestamp": 1671236133768, "tick_direction": 3, "price": 0.002, "mark_price": 0.00248994, "iv": 56.16, "instrument_name": "BTC-30DEC22-20000-C", "index_price": 16682.7, "direction": "sell", "amount": 1.0}, {"trade_seq": 8185, "trade_id": "237941956", "timestamp": 1671235007608, "tick_direction": 2, "price": 0.002, "mark_price": 0.00251803, "iv": 56.97, "instrument_name": "BTC-30DEC22-20000-C", "index_price": 16625.26, "direction": "sell", "amount": 1.0}, {"trade_seq": 8184, "trade_id": "237938862", "timestamp": 1671233174489, "tick_direction": 2, "price": 0.0025, "mark_price": 0.00244878, "iv": 59.56, "instrument_name": "BTC-30DEC22-20000-C", "index_price": 16615.33, "direction": "sell", "amount": 0.1}, {"trade_seq": 8183, "trade_id": "237919072", "timestamp": 1671219747645, "tick_direction": 0, "price": 0.0025, "mark_price": 0.00263253, "iv": 55.81, "instrument_name": "BTC-30DEC22-20000-C", "index_price": 16831.51, "direction": "sell", "amount": 5.0}, {"trade_seq": 8182, "trade_id": "237914964", "timestamp": 1671213965055, "tick_direction": 2, "price": 0.002, "mark_price": 0.0023349, "iv": 53.83, "instrument_name": "BTC-30DEC22-20000-C", "index_price": 16788.17, "direction": "sell", "amount": 1.0}, {"trade_seq": 8181, "trade_id": "237914884", "timestamp": 1671213891609, "tick_direction": 0, "price": 0.003, "mark_price": 0.00229144, "iv": 58.56, "instrument_name": "BTC-30DEC22-20000-C", "index_price": 16780.76, "direction": "buy", "amount": 1.0}, {"trade_seq": 8180, "trade_id": "237914875", "timestamp": 1671213878294, "tick_direction": 1, "price": 0.0025, "mark_price": 0.00229035, "iv": 56.36, "instrument_name": "BTC-30DEC22-20000-C", "index_price": 16782.23, "direction": "buy", "amount": 1.0}, {"trade_seq": 8179, "trade_id": "237907109", "timestamp": 1671209218112, "tick_direction": 3, "price": 0.002, "mark_price": 0.00235719, "iv": 52.41, "instrument_name": "BTC-30DEC22-20000-C", "index_price": 16860.24, "direction": "sell", "amount": 1.1}, {"trade_seq": 8178, "trade_id": "237907108", "timestamp": 1671209218112, "tick_direction": 3, "price": 0.002, "mark_price": 0.00235719, "iv": 52.41, "instrument_name": "BTC-30DEC22-20000-C", "index_price": 16860.24, "direction": "sell", "amount": 3.9}, {"trade_seq": 8177, "trade_id": "237906797", "timestamp": 1671208952332, "tick_direction": 3, "price": 0.002, "mark_price": 0.00241571, "iv": 52.01, "instrument_name": "BTC-30DEC22-20000-C", "index_price": 16888.26, "direction": "sell", "amount": 3.1}, {"trade_seq": 8176, "trade_id": "237906796", "timestamp": 1671208952332, "tick_direction": 2, "price": 0.002, "mark_price": 0.00241571, "iv": 52.01, "instrument_name": "BTC-30DEC22-20000-C", "index_price": 16888.26, "direction": "sell", "amount": 2.9}, {"trade_seq": 8175, "trade_id": "237906548", "timestamp": 1671208653469, "tick_direction": 0, "price": 0.003, "mark_price": 0.0023925, "iv": 56.5, "instrument_name": "BTC-30DEC22-20000-C", "index_price": 16882.29, "direction": "buy", "amount": 0.2}, {"trade_seq": 8174, "trade_id": "237905157", "timestamp": 1671207626942, "tick_direction": 2, "price": 0.002, "mark_price": 0.00241892, "iv": 51.95, "instrument_name": "BTC-30DEC22-20000-C", "index_price": 16889.71, "direction": "sell", "amount": 0.1}, {"trade_seq": 8173, "trade_id": "237905064", "timestamp": 1671207508451, "tick_direction": 2, "price": 0.0024, "mark_price": 0.00246844, "iv": 53.64, "instrument_name": "BTC-30DEC22-20000-C", "index_price": 16900.08, "direction": "sell", "block_trade_id": "59149", "amount": 6.3}, {"trade_seq": 8172, "trade_id": "237901684", "timestamp": 1671206593478, "tick_direction": 1, "price": 0.0025, "mark_price": 0.00255229, "iv": 53.41, "instrument_name": "BTC-30DEC22-20000-C", "index_price": 16955.07, "direction": "sell", "amount": 2.8}, {"trade_seq": 8171, "trade_id": "237895490", "timestamp": 1671201205830, "tick_direction": 1, "price": 0.0025, "mark_price": 0.00256717, "iv": 51.93, "instrument_name": "BTC-30DEC22-20000-C", "index_price": 17052.42, "direction": "sell", "amount": 2.4}, {"trade_seq": 8170, "trade_id": "237885337", "timestamp": 1671197190919, "tick_direction": 1, "price": 0.0025, "mark_price": 0.00221441, "iv": 52.55, "instrument_name": "BTC-30DEC22-20000-C", "index_price": 16994.55, "direction": "buy", "amount": 20.0}, {"trade_seq": 8169, "trade_id": "237878297", "timestamp": 1671191907342, "tick_direction": 1, "price": 0.0025, "mark_price": 0.00224404, "iv": 52.04, "instrument_name": "BTC-30DEC22-20000-C", "index_price": 17022.67, "direction": "sell", "amount": 3.2}, {"trade_seq": 8168, "trade_id": "237878296", "timestamp": 1671191907340, "tick_direction": 1, "price": 0.0025, "mark_price": 0.00224404, "iv": 52.04, "instrument_name": "BTC-30DEC22-20000-C", "index_price": 17022.67, "direction": "buy", "amount": 4.6}, {"trade_seq": 8167, "trade_id": "237878295", "timestamp": 1671191907340, "tick_direction": 1, "price": 0.0025, "mark_price": 0.00224404, "iv": 52.04, "instrument_name": "BTC-30DEC22-20000-C", "index_price": 17022.67, "direction": "buy", "amount": 2.2}, {"trade_seq": 8166, "trade_id": "237878284", "timestamp": 1671191857712, "tick_direction": 1, "price": 0.0025, "mark_price": 0.00223509, "iv": 52.08, "instrument_name": "BTC-30DEC22-20000-C", "index_price": 17020.81, "direction": "buy", "amount": 10.0}, {"trade_seq": 8165, "trade_id": "237878282", "timestamp": 1671191841003, "tick_direction": 1, "price": 0.0025, "mark_price": 0.00223698, "iv": 52.07, "instrument_name": "BTC-30DEC22-20000-C", "index_price": 17020.79, "direction": "buy", "amount": 1.5}, {"trade_seq": 8164, "trade_id": "237878281", "timestamp": 1671191841003, "tick_direction": 1, "price": 0.0025, "mark_price": 0.00223698, "iv": 52.07, "instrument_name": "BTC-30DEC22-20000-C", "index_price": 17020.79, "direction": "buy", "amount": 2.2}, {"trade_seq": 8163, "trade_id": "237878280", "timestamp": 1671191841003, "tick_direction": 1, "price": 0.0025, "mark_price": 0.00223698, "iv": 52.07, "instrument_name": "BTC-30DEC22-20000-C", "index_price": 17020.79, "direction": "buy", "amount": 4.0}, {"trade_seq": 8162, "trade_id": "237878279", "timestamp": 1671191841003, "tick_direction": 1, "price": 0.0025, "mark_price": 0.00223698, "iv": 52.07, "instrument_name": "BTC-30DEC22-20000-C", "index_price": 17020.79, "direction": "buy", "amount": 2.3}, {"trade_seq": 8161, "trade_id": "237876339", "timestamp": 1671188468923, "tick_direction": 1, "price": 0.0025, "mark_price": 0.00218514, "iv": 52.59, "instrument_name": "BTC-30DEC22-20000-C", "index_price": 16981.35, "direction": "buy", "amount": 0.7}, {"trade_seq": 8160, "trade_id": "237876338", "timestamp": 1671188468923, "tick_direction": 0, "price": 0.0025, "mark_price": 0.00218514, "iv": 52.59, "instrument_name": "BTC-30DEC22-20000-C", "index_price": 16981.35, "direction": "buy", "amount": 3.3}, {"trade_seq": 8159, "trade_id": "237875934", "timestamp": 1671187834145, "tick_direction": 3, "price": 0.002, "mark_price": 0.0021948, "iv": 50.03, "instrument_name": "BTC-30DEC22-20000-C", "index_price": 16996.42, "direction": "sell", "amount": 1.0}, {"trade_seq": 8158, "trade_id": "237872776", "timestamp": 1671184644954, "tick_direction": 3, "price": 0.002, "mark_price": 0.00231006, "iv": 49.13, "instrument_name": "BTC-30DEC22-20000-C", "index_price": 17040.77, "direction": "sell", "amount": 0.3}, {"trade_seq": 8157, "trade_id": "237871751", "timestamp": 1671184043048, "tick_direction": 3, "price": 0.002, "mark_price": 0.0024004, "iv": 49.49, "instrument_name": "BTC-30DEC22-20000-C", "index_price": 17018.7, "direction": "sell", "amount": 3.0}, {"trade_seq": 8156, "trade_id": "237870183", "timestamp": 1671183373657, "tick_direction": 3, "price": 0.002, "mark_price": 0.00238568, "iv": 49.25, "instrument_name": "BTC-30DEC22-20000-C", "index_price": 17032.84, "direction": "sell", "amount": 0.1}, {"trade_seq": 8155, "trade_id": "237868566", "timestamp": 1671182533454, "tick_direction": 3, "price": 0.002, "mark_price": 0.00242533, "iv": 48.82, "instrument_name": "BTC-30DEC22-20000-C", "index_price": 17059.91, "direction": "sell", "amount": 1.3}, {"trade_seq": 8154, "trade_id": "237868166", "timestamp": 1671182350408, "tick_direction": 3, "price": 0.002, "mark_price": 0.00235992, "iv": 48.97, "instrument_name": "BTC-30DEC22-20000-C", "index_price": 17052.0, "direction": "sell", "amount": 0.4}, {"trade_seq": 8153, "trade_id": "237866838", "timestamp": 1671182049308, "tick_direction": 3, "price": 0.002, "mark_price": 0.00221634, "iv": 49.23, "instrument_name": "BTC-30DEC22-20000-C", "index_price": 17034.16, "direction": "sell", "amount": 0.4}, {"trade_seq": 8152, "trade_id": "237854597", "timestamp": 1671180347910, "tick_direction": 3, "price": 0.002, "mark_price": 0.00228692, "iv": 43.37, "instrument_name": "BTC-30DEC22-20000-C", "index_price": 17442.6, "direction": "sell", "amount": 0.6}, {"trade_seq": 8151, "trade_id": "237854032", "timestamp": 1671179618682, "tick_direction": 3, "price": 0.002, "mark_price": 0.00241526, "iv": 43.16, "instrument_name": "BTC-30DEC22-20000-C", "index_price": 17457.0, "direction": "sell", "amount": 0.1}, {"trade_seq": 8150, "trade_id": "237853968", "timestamp": 1671179544670, "tick_direction": 3, "price": 0.002, "mark_price": 0.00241636, "iv": 43.12, "instrument_name": "BTC-30DEC22-20000-C", "index_price": 17463.77, "direction": "sell", "amount": 0.3}, {"trade_seq": 8149, "trade_id": "237852898", "timestamp": 1671178425310, "tick_direction": 2, "price": 0.002, "mark_price": 0.0026069, "iv": 42.71, "instrument_name": "BTC-30DEC22-20000-C", "index_price": 17483.37, "direction": "sell", "amount": 0.1}, {"trade_seq": 8148, "trade_id": "237852288", "timestamp": 1671177935110, "tick_direction": 2, "price": 0.0025, "mark_price": 0.00294762, "iv": 44.43, "instrument_name": "BTC-30DEC22-20000-C", "index_price": 17498.65, "direction": "sell", "amount": 0.1}, {"trade_seq": 8147, "trade_id": "237852275", "timestamp": 1671177919901, "tick_direction": 0, "price": 0.003, "mark_price": 0.00295966, "iv": 46.27, "instrument_name": "BTC-30DEC22-20000-C", "index_price": 17499.29, "direction": "buy", "amount": 1.0}, {"trade_seq": 8146, "trade_id": "237852170", "timestamp": 1671177879104, "tick_direction": 3, "price": 0.0025, "mark_price": 0.00298113, "iv": 44.4, "instrument_name": "BTC-30DEC22-20000-C", "index_price": 17500.21, "direction": "sell", "amount": 0.1}, {"trade_seq": 8145, "trade_id": "237852100", "timestamp": 1671177852174, "tick_direction": 3, "price": 0.0025, "mark_price": 0.00299371, "iv": 44.38, "instrument_name": "BTC-30DEC22-20000-C", "index_price": 17502.12, "direction": "sell", "amount": 0.1}, {"trade_seq": 8144, "trade_id": "237851480", "timestamp": 1671177700034, "tick_direction": 3, "price": 0.0025, "mark_price": 0.00303425, "iv": 44.28, "instrument_name": "BTC-30DEC22-20000-C", "index_price": 17513.15, "direction": "sell", "amount": 0.1}, {"trade_seq": 8143, "trade_id": "237851324", "timestamp": 1671177640031, "tick_direction": 2, "price": 0.0025, "mark_price": 0.0030211, "iv": 44.34, "instrument_name": "BTC-30DEC22-20000-C", "index_price": 17507.09, "direction": "sell", "amount": 0.1}, {"trade_seq": 8142, "trade_id": "237847663", "timestamp": 1671176210749, "tick_direction": 3, "price": 0.003, "mark_price": 0.00308097, "iv": 46.8, "instrument_name": "BTC-30DEC22-20000-C", "index_price": 17468.46, "direction": "sell", "amount": 0.1}, {"trade_seq": 8141, "trade_id": "237847656", "timestamp": 1671176202562, "tick_direction": 3, "price": 0.003, "mark_price": 0.00308276, "iv": 46.8, "instrument_name": "BTC-30DEC22-20000-C", "index_price": 17468.56, "direction": "sell", "amount": 0.1}, {"trade_seq": 8140, "trade_id": "237847629", "timestamp": 1671176180558, "tick_direction": 3, "price": 0.003, "mark_price": 0.0030991, "iv": 46.75, "instrument_name": "BTC-30DEC22-20000-C", "index_price": 17470.1, "direction": "sell", "amount": 0.1}, {"trade_seq": 8139, "trade_id": "237847623", "timestamp": 1671176180186, "tick_direction": 3, "price": 0.003, "mark_price": 0.0030991, "iv": 46.75, "instrument_name": "BTC-30DEC22-20000-C", "index_price": 17470.1, "direction": "sell", "amount": 0.1}, {"trade_seq": 8138, "trade_id": "237847613", "timestamp": 1671176176099, "tick_direction": 3, "price": 0.003, "mark_price": 0.0031045, "iv": 46.74, "instrument_name": "BTC-30DEC22-20000-C", "index_price": 17470.95, "direction": "sell", "amount": 0.1}, {"trade_seq": 8137, "trade_id": "237847609", "timestamp": 1671176174068, "tick_direction": 3, "price": 0.003, "mark_price": 0.00310474, "iv": 46.74, "instrument_name": "BTC-30DEC22-20000-C", "index_price": 17471.0, "direction": "sell", "amount": 0.1}, {"trade_seq": 8136, "trade_id": "237847607", "timestamp": 1671176172036, "tick_direction": 3, "price": 0.003, "mark_price": 0.003105, "iv": 46.74, "instrument_name": "BTC-30DEC22-20000-C", "index_price": 17471.01, "direction": "sell", "amount": 0.1}, {"trade_seq": 8135, "trade_id": "237846769", "timestamp": 1671175518410, "tick_direction": 3, "price": 0.003, "mark_price": 0.00311887, "iv": 46.91, "instrument_name": "BTC-30DEC22-20000-C", "index_price": 17458.43, "direction": "sell", "amount": 0.2}, {"trade_seq": 8134, "trade_id": "237846732", "timestamp": 1671175493542, "tick_direction": 3, "price": 0.003, "mark_price": 0.00313187, "iv": 46.87, "instrument_name": "BTC-30DEC22-20000-C", "index_price": 17459.3, "direction": "sell", "amount": 0.1}, {"trade_seq": 8133, "trade_id": "237843597", "timestamp": 1671171975279, "tick_direction": 2, "price": 0.003, "mark_price": 0.00311631, "iv": 47.83, "instrument_name": "BTC-30DEC22-20000-C", "index_price": 17397.21, "direction": "sell", "amount": 0.1}, {"trade_seq": 8132, "trade_id": "237836480", "timestamp": 1671150684040, "tick_direction": 3, "price": 0.004, "mark_price": 0.0034656, "iv": 51.19, "instrument_name": "BTC-30DEC22-20000-C", "index_price": 17367.62, "direction": "buy", "amount": 9.7}, {"trade_seq": 8131, "trade_id": "237836479", "timestamp": 1671150684040, "tick_direction": 3, "price": 0.004, "mark_price": 0.0034656, "iv": 51.19, "instrument_name": "BTC-30DEC22-20000-C", "index_price": 17367.62, "direction": "buy", "amount": 9.9}, {"trade_seq": 8130, "trade_id": "237836478", "timestamp": 1671150684040, "tick_direction": 3, "price": 0.004, "mark_price": 0.0034656, "iv": 51.19, "instrument_name": "BTC-30DEC22-20000-C", "index_price": 17367.62, "direction": "buy", "amount": 0.3}, {"trade_seq": 8129, "trade_id": "237836477", "timestamp": 1671150684040, "tick_direction": 2, "price": 0.004, "mark_price": 0.0034656, "iv": 51.19, "instrument_name": "BTC-30DEC22-20000-C", "index_price": 17367.62, "direction": "buy", "amount": 0.1}, {"trade_seq": 8128, "trade_id": "237827840", "timestamp": 1671135689459, "tick_direction": 2, "price": 0.0035, "mark_price": 0.00372276, "iv": 48.13, "instrument_name": "BTC-30DEC22-20000-C", "index_price": 17443.37, "direction": "sell", "amount": 0.3}, {"trade_seq": 8127, "trade_id": "237827823", "timestamp": 1671135510950, "tick_direction": 2, "price": 0.0038, "mark_price": 0.00369924, "iv": 49.14, "instrument_name": "BTC-30DEC22-20000-C", "index_price": 17440.25, "direction": "buy", "combo_id": "BTC-CS-30DEC22-17500_20000", "block_trade_id": "59050", "amount": 146.0}, {"trade_seq": 8126, "trade_id": "237823000", "timestamp": 1671127611211, "tick_direction": 1, "price": 0.004, "mark_price": 0.00343116, "iv": 50.43, "instrument_name": "BTC-30DEC22-20000-C", "index_price": 17394.21, "direction": "buy", "amount": 3.0}, {"trade_seq": 8125, "trade_id": "237822999", "timestamp": 1671127611211, "tick_direction": 0, "price": 0.004, "mark_price": 0.00343116, "iv": 50.43, "instrument_name": "BTC-30DEC22-20000-C", "index_price": 17394.21, "direction": "buy", "amount": 1.0}, {"trade_seq": 8124, "trade_id": "237818190", "timestamp": 1671122015274, "tick_direction": 3, "price": 0.003, "mark_price": 0.00326293, "iv": 46.8, "instrument_name": "BTC-30DEC22-20000-C", "index_price": 17404.5, "direction": "buy", "amount": 0.2}, {"trade_seq": 8123, "trade_id": "237818189", "timestamp": 1671122015268, "tick_direction": 3, "price": 0.003, "mark_price": 0.00326293, "iv": 46.8, "instrument_name": "BTC-30DEC22-20000-C", "index_price": 17404.5, "direction": "buy", "amount": 0.1}, {"trade_seq": 8122, "trade_id": "237818188", "timestamp": 1671122015264, "tick_direction": 3, "price": 0.003, "mark_price": 0.00326293, "iv": 46.8, "instrument_name": "BTC-30DEC22-20000-C", "index_price": 17404.5, "direction": "sell", "amount": 12.4}, {"trade_seq": 8121, "trade_id": "237818187", "timestamp": 1671122015264, "tick_direction": 3, "price": 0.003, "mark_price": 0.00326293, "iv": 46.8, "instrument_name": "BTC-30DEC22-20000-C", "index_price": 17404.5, "direction": "sell", "amount": 4.5}, {"trade_seq": 8120, "trade_id": "237818186", "timestamp": 1671122015264, "tick_direction": 2, "price": 0.003, "mark_price": 0.00326293, "iv": 46.8, "instrument_name": "BTC-30DEC22-20000-C", "index_price": 17404.5, "direction": "sell", "amount": 2.8}, {"trade_seq": 8119, "trade_id": "237816491", "timestamp": 1671119757032, "tick_direction": 1, "price": 0.0035, "mark_price": 0.00321266, "iv": 48.36, "instrument_name": "BTC-30DEC22-20000-C", "index_price": 17416.04, "direction": "buy", "amount": 10.0}, {"trade_seq": 8118, "trade_id": "237814805", "timestamp": 1671118552250, "tick_direction": 0, "price": 0.0035, "mark_price": 0.00326122, "iv": 47.77, "instrument_name": "BTC-30DEC22-20000-C", "index_price": 17451.43, "direction": "buy", "amount": 0.5}, {"trade_seq": 8117, "trade_id": "237813611", "timestamp": 1671117585958, "tick_direction": 3, "price": 0.003, "mark_price": 0.003255, "iv": 45.72, "instrument_name": "BTC-30DEC22-20000-C", "index_price": 17473.47, "direction": "sell", "amount": 0.1}, {"trade_seq": 8116, "trade_id": "237807619", "timestamp": 1671113275681, "tick_direction": 2, "price": 0.003, "mark_price": 0.00333719, "iv": 44.89, "instrument_name": "BTC-30DEC22-20000-C", "index_price": 17526.45, "direction": "sell", "amount": 0.5}, {"trade_seq": 8115, "trade_id": "237805329", "timestamp": 1671111737203, "tick_direction": 3, "price": 0.0035, "mark_price": 0.00359578, "iv": 46.97, "instrument_name": "BTC-30DEC22-20000-C", "index_price": 17500.93, "direction": "sell", "amount": 0.1}, {"trade_seq": 8114, "trade_id": "237805328", "timestamp": 1671111737203, "tick_direction": 3, "price": 0.0035, "mark_price": 0.00359578, "iv": 46.97, "instrument_name": "BTC-30DEC22-20000-C", "index_price": 17500.93, "direction": "sell", "amount": 0.1}, {"trade_seq": 8113, "trade_id": "237805327", "timestamp": 1671111737203, "tick_direction": 3, "price": 0.0035, "mark_price": 0.00359578, "iv": 46.97, "instrument_name": "BTC-30DEC22-20000-C", "index_price": 17500.93, "direction": "sell", "amount": 0.1}, {"trade_seq": 8112, "trade_id": "237805326", "timestamp": 1671111737203, "tick_direction": 3, "price": 0.0035, "mark_price": 0.00359578, "iv": 46.97, "instrument_name": "BTC-30DEC22-20000-C", "index_price": 17500.93, "direction": "sell", "amount": 1.0}, {"trade_seq": 8111, "trade_id": "237805325", "timestamp": 1671111737203, "tick_direction": 3, "price": 0.0035, "mark_price": 0.00359578, "iv": 46.97, "instrument_name": "BTC-30DEC22-20000-C", "index_price": 17500.93, "direction": "sell", "amount": 3.7}, {"trade_seq": 8110, "trade_id": "237799775", "timestamp": 1671110020842, "tick_direction": 3, "price": 0.0035, "mark_price": 0.00332105, "iv": 46.06, "instrument_name": "BTC-30DEC22-20000-C", "index_price": 17556.84, "direction": "sell", "amount": 0.1}, {"trade_seq": 8109, "trade_id": "237798901", "timestamp": 1671109817619, "tick_direction": 2, "price": 0.0035, "mark_price": 0.00362837, "iv": 44.6, "instrument_name": "BTC-30DEC22-20000-C", "index_price": 17653.63, "direction": "sell", "amount": 0.1}, {"trade_seq": 8108, "trade_id": "237797873", "timestamp": 1671107658886, "tick_direction": 0, "price": 0.004, "mark_price": 0.00371132, "iv": 45.27, "instrument_name": "BTC-30DEC22-20000-C", "index_price": 17703.32, "direction": "buy", "amount": 1.0}, {"trade_seq": 8107, "trade_id": "237797405", "timestamp": 1671105815789, "tick_direction": 2, "price": 0.0035, "mark_price": 0.00380056, "iv": 43.42, "instrument_name": "BTC-30DEC22-20000-C", "index_price": 17721.88, "direction": "sell", "amount": 0.1}, {"trade_seq": 8106, "trade_id": "237796646", "timestamp": 1671104237509, "tick_direction": 3, "price": 0.004, "mark_price": 0.00376787, "iv": 45.23, "instrument_name": "BTC-30DEC22-20000-C", "index_price": 17703.54, "direction": "buy", "amount": 0.1}, {"trade_seq": 8105, "trade_id": "237796641", "timestamp": 1671104227920, "tick_direction": 3, "price": 0.004, "mark_price": 0.00376904, "iv": 45.23, "instrument_name": "BTC-30DEC22-20000-C", "index_price": 17703.8, "direction": "buy", "amount": 0.1}, {"trade_seq": 8104, "trade_id": "237796571", "timestamp": 1671104084896, "tick_direction": 3, "price": 0.004, "mark_price": 0.00386202, "iv": 45.0, "instrument_name": "BTC-30DEC22-20000-C", "index_price": 17717.11, "direction": "buy", "amount": 0.5}, {"trade_seq": 8103, "trade_id": "237792675", "timestamp": 1671096178549, "tick_direction": 3, "price": 0.004, "mark_price": 0.00381666, "iv": 45.53, "instrument_name": "BTC-30DEC22-20000-C", "index_price": 17671.68, "direction": "buy", "amount": 2.8}, {"trade_seq": 8102, "trade_id": "237792674", "timestamp": 1671096178549, "tick_direction": 3, "price": 0.004, "mark_price": 0.00381666, "iv": 45.53, "instrument_name": "BTC-30DEC22-20000-C", "index_price": 17671.68, "direction": "buy", "amount": 0.1}, {"trade_seq": 8101, "trade_id": "237792673", "timestamp": 1671096178549, "tick_direction": 3, "price": 0.004, "mark_price": 0.00381666, "iv": 45.53, "instrument_name": "BTC-30DEC22-20000-C", "index_price": 17671.68, "direction": "buy", "amount": 2.2}, {"trade_seq": 8100, "trade_id": "237785952", "timestamp": 1671086051223, "tick_direction": 3, "price": 0.004, "mark_price": 0.00410118, "iv": 44.44, "instrument_name": "BTC-30DEC22-20000-C", "index_price": 17725.85, "direction": "sell", "amount": 0.9}, {"trade_seq": 8099, "trade_id": "237784933", "timestamp": 1671082050798, "tick_direction": 2, "price": 0.004, "mark_price": 0.00443642, "iv": 44.55, "instrument_name": "BTC-30DEC22-20000-C", "index_price": 17713.38, "direction": "sell", "amount": 6.7}, {"trade_seq": 8098, "trade_id": "237783390", "timestamp": 1671075201614, "tick_direction": 1, "price": 0.005, "mark_price": 0.00446712, "iv": 46.84, "instrument_name": "BTC-30DEC22-20000-C", "index_price": 17736.79, "direction": "buy", "amount": 1.0}, {"trade_seq": 8097, "trade_id": "237783319", "timestamp": 1671075046930, "tick_direction": 0, "price": 0.005, "mark_price": 0.00437496, "iv": 47.02, "instrument_name": "BTC-30DEC22-20000-C", "index_price": 17727.36, "direction": "buy", "amount": 0.1}, {"trade_seq": 8096, "trade_id": "237783232", "timestamp": 1671074816761, "tick_direction": 2, "price": 0.004, "mark_price": 0.00423711, "iv": 44.45, "instrument_name": "BTC-30DEC22-20000-C", "index_price": 17718.12, "direction": "sell", "amount": 4.8}, {"trade_seq": 8095, "trade_id": "237782920", "timestamp": 1671073958678, "tick_direction": 3, "price": 0.0045, "mark_price": 0.00446791, "iv": 45.61, "instrument_name": "BTC-30DEC22-20000-C", "index_price": 17727.84, "direction": "buy", "amount": 0.1}, {"trade_seq": 8094, "trade_id": "237782918", "timestamp": 1671073958342, "tick_direction": 3, "price": 0.0045, "mark_price": 0.00446791, "iv": 45.61, "instrument_name": "BTC-30DEC22-20000-C", "index_price": 17727.84, "direction": "buy", "amount": 0.1}, {"trade_seq": 8093, "trade_id": "237782174", "timestamp": 1671072308159, "tick_direction": 3, "price": 0.0045, "mark_price": 0.0042922, "iv": 46.29, "instrument_name": "BTC-30DEC22-20000-C", "index_price": 17684.37, "direction": "buy", "amount": 6.1}, {"trade_seq": 8092, "trade_id": "237782149", "timestamp": 1671072152453, "tick_direction": 3, "price": 0.0045, "mark_price": 0.00431962, "iv": 46.28, "instrument_name": "BTC-30DEC22-20000-C", "index_price": 17683.12, "direction": "buy", "amount": 0.1}, {"trade_seq": 8091, "trade_id": "237782148", "timestamp": 1671072150980, "tick_direction": 3, "price": 0.0045, "mark_price": 0.00431888, "iv": 46.28, "instrument_name": "BTC-30DEC22-20000-C", "index_price": 17683.69, "direction": "buy", "amount": 0.1}, {"trade_seq": 8090, "trade_id": "237782147", "timestamp": 1671072148940, "tick_direction": 3, "price": 0.0045, "mark_price": 0.00431791, "iv": 46.28, "instrument_name": "BTC-30DEC22-20000-C", "index_price": 17683.71, "direction": "buy", "amount": 0.1}, {"trade_seq": 8089, "trade_id": "237782146", "timestamp": 1671072144880, "tick_direction": 3, "price": 0.0045, "mark_price": 0.00430753, "iv": 46.31, "instrument_name": "BTC-30DEC22-20000-C", "index_price": 17682.02, "direction": "buy", "amount": 0.1}, {"trade_seq": 8088, "trade_id": "237782145", "timestamp": 1671072144726, "tick_direction": 3, "price": 0.0045, "mark_price": 0.00430753, "iv": 46.31, "instrument_name": "BTC-30DEC22-20000-C", "index_price": 17682.02, "direction": "buy", "amount": 0.1}, {"trade_seq": 8087, "trade_id": "237782142", "timestamp": 1671072144689, "tick_direction": 3, "price": 0.0045, "mark_price": 0.00430753, "iv": 46.31, "instrument_name": "BTC-30DEC22-20000-C", "index_price": 17682.02, "direction": "buy", "amount": 0.1}, {"trade_seq": 8086, "trade_id": "237782141", "timestamp": 1671072134746, "tick_direction": 3, "price": 0.0045, "mark_price": 0.00430853, "iv": 46.31, "instrument_name": "BTC-30DEC22-20000-C", "index_price": 17682.33, "direction": "buy", "amount": 0.1}, {"trade_seq": 8085, "trade_id": "237782139", "timestamp": 1671072130770, "tick_direction": 3, "price": 0.0045, "mark_price": 0.00430465, "iv": 46.32, "instrument_name": "BTC-30DEC22-20000-C", "index_price": 17681.75, "direction": "buy", "amount": 0.1}, {"trade_seq": 8084, "trade_id": "237782138", "timestamp": 1671072130673, "tick_direction": 3, "price": 0.0045, "mark_price": 0.00430465, "iv": 46.32, "instrument_name": "BTC-30DEC22-20000-C", "index_price": 17681.75, "direction": "buy", "amount": 0.1}, {"trade_seq": 8083, "trade_id": "237782137", "timestamp": 1671072123227, "tick_direction": 3, "price": 0.0045, "mark_price": 0.00429042, "iv": 46.35, "instrument_name": "BTC-30DEC22-20000-C", "index_price": 17679.87, "direction": "buy", "amount": 0.1}, {"trade_seq": 8082, "trade_id": "237782136", "timestamp": 1671072123206, "tick_direction": 3, "price": 0.0045, "mark_price": 0.00429042, "iv": 46.35, "instrument_name": "BTC-30DEC22-20000-C", "index_price": 17679.87, "direction": "buy", "amount": 0.1}, {"trade_seq": 8081, "trade_id": "237782135", "timestamp": 1671072123202, "tick_direction": 3, "price": 0.0045, "mark_price": 0.00429042, "iv": 46.35, "instrument_name": "BTC-30DEC22-20000-C", "index_price": 17679.87, "direction": "buy", "amount": 0.1}, {"trade_seq": 8080, "trade_id": "237782061", "timestamp": 1671071955289, "tick_direction": 3, "price": 0.0045, "mark_price": 0.00432902, "iv": 46.29, "instrument_name": "BTC-30DEC22-20000-C", "index_price": 17680.73, "direction": "buy", "amount": 0.1}, {"trade_seq": 8079, "trade_id": "237782052", "timestamp": 1671071927613, "tick_direction": 3, "price": 0.0045, "mark_price": 0.00433428, "iv": 46.31, "instrument_name": "BTC-30DEC22-20000-C", "index_price": 17680.16, "direction": "buy", "amount": 0.1}, {"trade_seq": 8078, "trade_id": "237782051", "timestamp": 1671071919490, "tick_direction": 3, "price": 0.0045, "mark_price": 0.00433531, "iv": 46.31, "instrument_name": "BTC-30DEC22-20000-C", "index_price": 17679.93, "direction": "buy", "amount": 0.1}, {"trade_seq": 8077, "trade_id": "237782048", "timestamp": 1671071907235, "tick_direction": 3, "price": 0.0045, "mark_price": 0.00434672, "iv": 46.28, "instrument_name": "BTC-30DEC22-20000-C", "index_price": 17681.13, "direction": "buy", "amount": 0.2}, {"trade_seq": 8076, "trade_id": "237782047", "timestamp": 1671071907230, "tick_direction": 3, "price": 0.0045, "mark_price": 0.00434672, "iv": 46.28, "instrument_name": "BTC-30DEC22-20000-C", "index_price": 17681.13, "direction": "buy", "amount": 0.1}, {"trade_seq": 8075, "trade_id": "237782033", "timestamp": 1671071864519, "tick_direction": 3, "price": 0.0045, "mark_price": 0.00434055, "iv": 46.32, "instrument_name": "BTC-30DEC22-20000-C", "index_price": 17678.06, "direction": "buy", "amount": 0.1}, {"trade_seq": 8074, "trade_id": "237778541", "timestamp": 1671069440838, "tick_direction": 3, "price": 0.0045, "mark_price": 0.00454026, "iv": 47.14, "instrument_name": "BTC-30DEC22-20000-C", "index_price": 17619.9, "direction": "sell", "amount": 0.1}, {"trade_seq": 8073, "trade_id": "237778537", "timestamp": 1671069440813, "tick_direction": 3, "price": 0.0045, "mark_price": 0.00454026, "iv": 47.14, "instrument_name": "BTC-30DEC22-20000-C", "index_price": 17619.9, "direction": "sell", "amount": 0.3}, {"trade_seq": 8072, "trade_id": "237778499", "timestamp": 1671069430244, "tick_direction": 3, "price": 0.0045, "mark_price": 0.00455842, "iv": 47.09, "instrument_name": "BTC-30DEC22-20000-C", "index_price": 17625.39, "direction": "sell", "amount": 0.1}, {"trade_seq": 8071, "trade_id": "237778497", "timestamp": 1671069429229, "tick_direction": 3, "price": 0.0045, "mark_price": 0.00456476, "iv": 47.07, "instrument_name": "BTC-30DEC22-20000-C", "index_price": 17626.55, "direction": "sell", "amount": 0.2}, {"trade_seq": 8070, "trade_id": "237778495", "timestamp": 1671069429218, "tick_direction": 3, "price": 0.0045, "mark_price": 0.00456476, "iv": 47.07, "instrument_name": "BTC-30DEC22-20000-C", "index_price": 17626.55, "direction": "sell", "amount": 0.1}, {"trade_seq": 8069, "trade_id": "237778492", "timestamp": 1671069427403, "tick_direction": 3, "price": 0.0045, "mark_price": 0.00456841, "iv": 47.06, "instrument_name": "BTC-30DEC22-20000-C", "index_price": 17627.29, "direction": "sell", "amount": 0.2}, {"trade_seq": 8068, "trade_id": "237778466", "timestamp": 1671069412671, "tick_direction": 3, "price": 0.0045, "mark_price": 0.00457761, "iv": 47.02, "instrument_name": "BTC-30DEC22-20000-C", "index_price": 17629.33, "direction": "sell", "amount": 0.1}, {"trade_seq": 8067, "trade_id": "237778462", "timestamp": 1671069412639, "tick_direction": 3, "price": 0.0045, "mark_price": 0.00457761, "iv": 47.02, "instrument_name": "BTC-30DEC22-20000-C", "index_price": 17629.33, "direction": "sell", "amount": 0.2}, {"trade_seq": 8066, "trade_id": "237778458", "timestamp": 1671069412585, "tick_direction": 3, "price": 0.0045, "mark_price": 0.00457761, "iv": 47.02, "instrument_name": "BTC-30DEC22-20000-C", "index_price": 17629.33, "direction": "sell", "amount": 0.1}, {"trade_seq": 8065, "trade_id": "237776760", "timestamp": 1671068870388, "tick_direction": 3, "price": 0.0045, "mark_price": 0.00472589, "iv": 45.95, "instrument_name": "BTC-30DEC22-20000-C", "index_price": 17693.39, "direction": "sell", "amount": 0.3}, {"trade_seq": 8064, "trade_id": "237776545", "timestamp": 1671068775731, "tick_direction": 3, "price": 0.0045, "mark_price": 0.00455348, "iv": 46.17, "instrument_name": "BTC-30DEC22-20000-C", "index_price": 17677.27, "direction": "sell", "amount": 0.3}, {"trade_seq": 8063, "trade_id": "237776544", "timestamp": 1671068775715, "tick_direction": 3, "price": 0.0045, "mark_price": 0.00455348, "iv": 46.17, "instrument_name": "BTC-30DEC22-20000-C", "index_price": 17677.27, "direction": "sell", "amount": 0.1}, {"trade_seq": 8062, "trade_id": "237776540", "timestamp": 1671068775685, "tick_direction": 3, "price": 0.0045, "mark_price": 0.00455348, "iv": 46.17, "instrument_name": "BTC-30DEC22-20000-C", "index_price": 17677.27, "direction": "sell", "amount": 0.5}, {"trade_seq": 8061, "trade_id": "237776537", "timestamp": 1671068775670, "tick_direction": 3, "price": 0.0045, "mark_price": 0.00455348, "iv": 46.17, "instrument_name": "BTC-30DEC22-20000-C", "index_price": 17677.27, "direction": "sell", "amount": 0.2}, {"trade_seq": 8060, "trade_id": "237775753", "timestamp": 1671068695194, "tick_direction": 3, "price": 0.0045, "mark_price": 0.00481884, "iv": 45.26, "instrument_name": "BTC-30DEC22-20000-C", "index_price": 17738.59, "direction": "sell", "amount": 0.4}, {"trade_seq": 8059, "trade_id": "237775742", "timestamp": 1671068695167, "tick_direction": 2, "price": 0.0045, "mark_price": 0.00481884, "iv": 45.26, "instrument_name": "BTC-30DEC22-20000-C", "index_price": 17738.59, "direction": "sell", "amount": 1.0}, {"trade_seq": 8058, "trade_id": "237775738", "timestamp": 1671068695142, "tick_direction": 2, "price": 0.005, "mark_price": 0.00481884, "iv": 46.57, "instrument_name": "BTC-30DEC22-20000-C", "index_price": 17738.59, "direction": "sell", "amount": 0.1}, {"trade_seq": 8057, "trade_id": "237774859", "timestamp": 1671066628569, "tick_direction": 1, "price": 0.0055, "mark_price": 0.00507415, "iv": 46.88, "instrument_name": "BTC-30DEC22-20000-C", "index_price": 17796.71, "direction": "sell", "amount": 6.7}, {"trade_seq": 8056, "trade_id": "237774844", "timestamp": 1671066588642, "tick_direction": 1, "price": 0.0055, "mark_price": 0.00499928, "iv": 46.93, "instrument_name": "BTC-30DEC22-20000-C", "index_price": 17793.73, "direction": "sell", "amount": 3.5}, {"trade_seq": 8055, "trade_id": "237774843", "timestamp": 1671066582510, "tick_direction": 1, "price": 0.0055, "mark_price": 0.00499334, "iv": 46.93, "instrument_name": "BTC-30DEC22-20000-C", "index_price": 17794.09, "direction": "sell", "amount": 1.8}, {"trade_seq": 8054, "trade_id": "237774842", "timestamp": 1671066582482, "tick_direction": 1, "price": 0.0055, "mark_price": 0.00499334, "iv": 46.93, "instrument_name": "BTC-30DEC22-20000-C", "index_price": 17794.09, "direction": "sell", "amount": 2.7}, {"trade_seq": 8053, "trade_id": "237774841", "timestamp": 1671066580462, "tick_direction": 1, "price": 0.0055, "mark_price": 0.0049898, "iv": 46.92, "instrument_name": "BTC-30DEC22-20000-C", "index_price": 17794.13, "direction": "sell", "amount": 1.8}, {"trade_seq": 8052, "trade_id": "237774840", "timestamp": 1671066580460, "tick_direction": 1, "price": 0.0055, "mark_price": 0.0049898, "iv": 46.92, "instrument_name": "BTC-30DEC22-20000-C", "index_price": 17794.13, "direction": "sell", "amount": 2.8}, {"trade_seq": 8051, "trade_id": "237774839", "timestamp": 1671066579347, "tick_direction": 1, "price": 0.0055, "mark_price": 0.0049879, "iv": 46.93, "instrument_name": "BTC-30DEC22-20000-C", "index_price": 17793.96, "direction": "sell", "amount": 9.5}, {"trade_seq": 8050, "trade_id": "237774838", "timestamp": 1671066579076, "tick_direction": 1, "price": 0.0055, "mark_price": 0.0049879, "iv": 46.93, "instrument_name": "BTC-30DEC22-20000-C", "index_price": 17793.96, "direction": "sell", "amount": 8.5}, {"trade_seq": 8049, "trade_id": "237774837", "timestamp": 1671066576428, "tick_direction": 1, "price": 0.0055, "mark_price": 0.00498303, "iv": 46.93, "instrument_name": "BTC-30DEC22-20000-C", "index_price": 17793.92, "direction": "sell", "amount": 18.7}, {"trade_seq": 8048, "trade_id": "237774834", "timestamp": 1671066576391, "tick_direction": 1, "price": 0.0055, "mark_price": 0.00498303, "iv": 46.93, "instrument_name": "BTC-30DEC22-20000-C", "index_price": 17793.84, "direction": "sell", "amount": 18.7}, {"trade_seq": 8047, "trade_id": "237774833", "timestamp": 1671066576388, "tick_direction": 1, "price": 0.0055, "mark_price": 0.00498303, "iv": 46.93, "instrument_name": "BTC-30DEC22-20000-C", "index_price": 17793.84, "direction": "buy", "amount": 1.0}, {"trade_seq": 8046, "trade_id": "237774832", "timestamp": 1671066576388, "tick_direction": 1, "price": 0.0055, "mark_price": 0.00498303, "iv": 46.93, "instrument_name": "BTC-30DEC22-20000-C", "index_price": 17793.84, "direction": "buy", "amount": 9.4}, {"trade_seq": 8045, "trade_id": "237774831", "timestamp": 1671066576388, "tick_direction": 1, "price": 0.0055, "mark_price": 0.00498303, "iv": 46.93, "instrument_name": "BTC-30DEC22-20000-C", "index_price": 17793.84, "direction": "buy", "amount": 6.0}, {"trade_seq": 8044, "trade_id": "237774830", "timestamp": 1671066576388, "tick_direction": 1, "price": 0.0055, "mark_price": 0.00498303, "iv": 46.93, "instrument_name": "BTC-30DEC22-20000-C", "index_price": 17793.84, "direction": "buy", "amount": 8.6}, {"trade_seq": 8043, "trade_id": "237774829", "timestamp": 1671066576388, "tick_direction": 1, "price": 0.0055, "mark_price": 0.00498303, "iv": 46.93, "instrument_name": "BTC-30DEC22-20000-C", "index_price": 17793.84, "direction": "buy", "amount": 0.3}, {"trade_seq": 8042, "trade_id": "237773097", "timestamp": 1671062751307, "tick_direction": 0, "price": 0.0055, "mark_price": 0.00513107, "iv": 46.57, "instrument_name": "BTC-30DEC22-20000-C", "index_price": 17814.07, "direction": "buy", "amount": 0.1}, {"trade_seq": 8041, "trade_id": "237772714", "timestamp": 1671061094056, "tick_direction": 3, "price": 0.005, "mark_price": 0.00524319, "iv": 45.16, "instrument_name": "BTC-30DEC22-20000-C", "index_price": 17819.68, "direction": "buy", "amount": 0.4}, {"trade_seq": 8040, "trade_id": "237772630", "timestamp": 1671060900420, "tick_direction": 3, "price": 0.005, "mark_price": 0.00517684, "iv": 45.49, "instrument_name": "BTC-30DEC22-20000-C", "index_price": 17799.09, "direction": "sell", "amount": 2.4}, {"trade_seq": 8039, "trade_id": "237772575", "timestamp": 1671060817649, "tick_direction": 3, "price": 0.005, "mark_price": 0.00510984, "iv": 45.62, "instrument_name": "BTC-30DEC22-20000-C", "index_price": 17793.83, "direction": "sell", "amount": 1.0}, {"trade_seq": 8038, "trade_id": "237772447", "timestamp": 1671060724231, "tick_direction": 3, "price": 0.005, "mark_price": 0.005118, "iv": 45.54, "instrument_name": "BTC-30DEC22-20000-C", "index_price": 17797.79, "direction": "sell", "amount": 0.1}, {"trade_seq": 8037, "trade_id": "237772446", "timestamp": 1671060722202, "tick_direction": 3, "price": 0.005, "mark_price": 0.00511361, "iv": 45.53, "instrument_name": "BTC-30DEC22-20000-C", "index_price": 17797.89, "direction": "sell", "amount": 0.1}, {"trade_seq": 8036, "trade_id": "237772445", "timestamp": 1671060722177, "tick_direction": 3, "price": 0.005, "mark_price": 0.00511361, "iv": 45.53, "instrument_name": "BTC-30DEC22-20000-C", "index_price": 17797.89, "direction": "sell", "amount": 0.2}, {"trade_seq": 8035, "trade_id": "237772443", "timestamp": 1671060720173, "tick_direction": 3, "price": 0.005, "mark_price": 0.00510883, "iv": 45.53, "instrument_name": "BTC-30DEC22-20000-C", "index_price": 17797.93, "direction": "sell", "amount": 0.1}, {"trade_seq": 8034, "trade_id": "237772442", "timestamp": 1671060720160, "tick_direction": 3, "price": 0.005, "mark_price": 0.00510883, "iv": 45.53, "instrument_name": "BTC-30DEC22-20000-C", "index_price": 17797.93, "direction": "sell", "amount": 0.2}, {"trade_seq": 8033, "trade_id": "237772089", "timestamp": 1671060362563, "tick_direction": 3, "price": 0.005, "mark_price": 0.00511302, "iv": 45.31, "instrument_name": "BTC-30DEC22-20000-C", "index_price": 17807.2, "direction": "sell", "amount": 0.1}, {"trade_seq": 8032, "trade_id": "237772085", "timestamp": 1671060362528, "tick_direction": 3, "price": 0.005, "mark_price": 0.00511438, "iv": 45.31, "instrument_name": "BTC-30DEC22-20000-C", "index_price": 17807.2, "direction": "sell", "amount": 0.1}, {"trade_seq": 8031, "trade_id": "237772079", "timestamp": 1671060362484, "tick_direction": 3, "price": 0.005, "mark_price": 0.00511438, "iv": 45.31, "instrument_name": "BTC-30DEC22-20000-C", "index_price": 17807.2, "direction": "sell", "amount": 0.1}, {"trade_seq": 8030, "trade_id": "237772074", "timestamp": 1671060362455, "tick_direction": 3, "price": 0.005, "mark_price": 0.00511438, "iv": 45.31, "instrument_name": "BTC-30DEC22-20000-C", "index_price": 17807.2, "direction": "sell", "amount": 0.1}, {"trade_seq": 8029, "trade_id": "237772061", "timestamp": 1671060358516, "tick_direction": 3, "price": 0.005, "mark_price": 0.00511232, "iv": 45.31, "instrument_name": "BTC-30DEC22-20000-C", "index_price": 17807.59, "direction": "sell", "amount": 0.1}, {"trade_seq": 8028, "trade_id": "237772059", "timestamp": 1671060356506, "tick_direction": 3, "price": 0.005, "mark_price": 0.00511278, "iv": 45.31, "instrument_name": "BTC-30DEC22-20000-C", "index_price": 17807.37, "direction": "sell", "amount": 0.1}, {"trade_seq": 8027, "trade_id": "237772057", "timestamp": 1671060354454, "tick_direction": 3, "price": 0.005, "mark_price": 0.00511149, "iv": 45.3, "instrument_name": "BTC-30DEC22-20000-C", "index_price": 17807.66, "direction": "sell", "amount": 0.1}, {"trade_seq": 8026, "trade_id": "237772056", "timestamp": 1671060352421, "tick_direction": 3, "price": 0.005, "mark_price": 0.00511145, "iv": 45.31, "instrument_name": "BTC-30DEC22-20000-C", "index_price": 17807.45, "direction": "sell", "amount": 0.1}, {"trade_seq": 8025, "trade_id": "237772055", "timestamp": 1671060348375, "tick_direction": 3, "price": 0.005, "mark_price": 0.00511011, "iv": 45.31, "instrument_name": "BTC-30DEC22-20000-C", "index_price": 17807.4, "direction": "sell", "amount": 0.1}, {"trade_seq": 8024, "trade_id": "237772052", "timestamp": 1671060346348, "tick_direction": 3, "price": 0.005, "mark_price": 0.00510969, "iv": 45.31, "instrument_name": "BTC-30DEC22-20000-C", "index_price": 17807.39, "direction": "sell", "amount": 0.1}, {"trade_seq": 8023, "trade_id": "237772048", "timestamp": 1671060342279, "tick_direction": 3, "price": 0.005, "mark_price": 0.00510728, "iv": 45.31, "instrument_name": "BTC-30DEC22-20000-C", "index_price": 17807.06, "direction": "sell", "amount": 0.1}, {"trade_seq": 8022, "trade_id": "237772045", "timestamp": 1671060336170, "tick_direction": 3, "price": 0.005, "mark_price": 0.00510465, "iv": 45.31, "instrument_name": "BTC-30DEC22-20000-C", "index_price": 17806.85, "direction": "sell", "amount": 0.1}, {"trade_seq": 8021, "trade_id": "237772043", "timestamp": 1671060334156, "tick_direction": 3, "price": 0.005, "mark_price": 0.00510483, "iv": 45.31, "instrument_name": "BTC-30DEC22-20000-C", "index_price": 17806.93, "direction": "sell", "amount": 0.1}, {"trade_seq": 8020, "trade_id": "237772042", "timestamp": 1671060334132, "tick_direction": 3, "price": 0.005, "mark_price": 0.00510483, "iv": 45.31, "instrument_name": "BTC-30DEC22-20000-C", "index_price": 17806.93, "direction": "sell", "amount": 0.1}, {"trade_seq": 8019, "trade_id": "237772041", "timestamp": 1671060332130, "tick_direction": 3, "price": 0.005, "mark_price": 0.00510493, "iv": 45.31, "instrument_name": "BTC-30DEC22-20000-C", "index_price": 17806.92, "direction": "sell", "amount": 0.1}, {"trade_seq": 8018, "trade_id": "237772040", "timestamp": 1671060332103, "tick_direction": 3, "price": 0.005, "mark_price": 0.00510493, "iv": 45.31, "instrument_name": "BTC-30DEC22-20000-C", "index_price": 17806.92, "direction": "sell", "amount": 0.2}, {"trade_seq": 8017, "trade_id": "237772039", "timestamp": 1671060330070, "tick_direction": 3, "price": 0.005, "mark_price": 0.00510442, "iv": 45.31, "instrument_name": "BTC-30DEC22-20000-C", "index_price": 17806.93, "direction": "sell", "amount": 0.2}, {"trade_seq": 8016, "trade_id": "237771954", "timestamp": 1671060150681, "tick_direction": 3, "price": 0.005, "mark_price": 0.00510256, "iv": 45.2, "instrument_name": "BTC-30DEC22-20000-C", "index_price": 17810.49, "direction": "sell", "amount": 2.2}, {"trade_seq": 8015, "trade_id": "237771326", "timestamp": 1671059112384, "tick_direction": 3, "price": 0.005, "mark_price": 0.0051826, "iv": 45.22, "instrument_name": "BTC-30DEC22-20000-C", "index_price": 17810.61, "direction": "sell", "amount": 1.7}, {"trade_seq": 8014, "trade_id": "237771325", "timestamp": 1671059112384, "tick_direction": 2, "price": 0.005, "mark_price": 0.0051826, "iv": 45.22, "instrument_name": "BTC-30DEC22-20000-C", "index_price": 17810.61, "direction": "sell", "amount": 0.5}, {"trade_seq": 8013, "trade_id": "237770511", "timestamp": 1671056938957, "tick_direction": 0, "price": 0.0059, "mark_price": 0.00547824, "iv": 46.75, "instrument_name": "BTC-30DEC22-20000-C", "index_price": 17849.27, "direction": "buy", "block_trade_id": "58952", "amount": 6.3}, {"trade_seq": 8012, "trade_id": "237770062", "timestamp": 1671056571295, "tick_direction": 3, "price": 0.0055, "mark_price": 0.00550919, "iv": 45.99, "instrument_name": "BTC-30DEC22-20000-C", "index_price": 17835.17, "direction": "buy", "amount": 0.1}, {"trade_seq": 8011, "trade_id": "237770061", "timestamp": 1671056571283, "tick_direction": 3, "price": 0.0055, "mark_price": 0.00550919, "iv": 45.99, "instrument_name": "BTC-30DEC22-20000-C", "index_price": 17835.17, "direction": "buy", "amount": 0.3}, {"trade_seq": 8010, "trade_id": "237770052", "timestamp": 1671056571222, "tick_direction": 2, "price": 0.0055, "mark_price": 0.00550919, "iv": 45.99, "instrument_name": "BTC-30DEC22-20000-C", "index_price": 17835.17, "direction": "buy", "amount": 0.2}, {"trade_seq": 8009, "trade_id": "237768674", "timestamp": 1671053695500, "tick_direction": 1, "price": 0.006, "mark_price": 0.00562814, "iv": 47.08, "instrument_name": "BTC-30DEC22-20000-C", "index_price": 17839.83, "direction": "buy", "amount": 3.3}, {"trade_seq": 8008, "trade_id": "237768673", "timestamp": 1671053695500, "tick_direction": 1, "price": 0.006, "mark_price": 0.00562814, "iv": 47.08, "instrument_name": "BTC-30DEC22-20000-C", "index_price": 17839.83, "direction": "buy", "amount": 6.0}, {"trade_seq": 8007, "trade_id": "237768672", "timestamp": 1671053695500, "tick_direction": 1, "price": 0.006, "mark_price": 0.00562814, "iv": 47.08, "instrument_name": "BTC-30DEC22-20000-C", "index_price": 17839.83, "direction": "buy", "amount": 3.9}, {"trade_seq": 8006, "trade_id": "237768671", "timestamp": 1671053695500, "tick_direction": 0, "price": 0.006, "mark_price": 0.00562814, "iv": 47.08, "instrument_name": "BTC-30DEC22-20000-C", "index_price": 17839.83, "direction": "buy", "amount": 1.8}, {"trade_seq": 8005, "trade_id": "237768384", "timestamp": 1671053202348, "tick_direction": 3, "price": 0.0055, "mark_price": 0.00574365, "iv": 46.04, "instrument_name": "BTC-30DEC22-20000-C", "index_price": 17832.61, "direction": "buy", "amount": 12.1}, {"trade_seq": 8004, "trade_id": "237768262", "timestamp": 1671053140982, "tick_direction": 3, "price": 0.0055, "mark_price": 0.00611734, "iv": 46.16, "instrument_name": "BTC-30DEC22-20000-C", "index_price": 17824.64, "direction": "buy", "amount": 0.9}, {"trade_seq": 8003, "trade_id": "237768261", "timestamp": 1671053140618, "tick_direction": 3, "price": 0.0055, "mark_price": 0.00611734, "iv": 46.16, "instrument_name": "BTC-30DEC22-20000-C", "index_price": 17824.62, "direction": "buy", "amount": 17.0}, {"trade_seq": 8002, "trade_id": "237768240", "timestamp": 1671053087118, "tick_direction": 3, "price": 0.0055, "mark_price": 0.00618358, "iv": 46.18, "instrument_name": "BTC-30DEC22-20000-C", "index_price": 17822.93, "direction": "buy", "amount": 9.0}, {"trade_seq": 8001, "trade_id": "237768239", "timestamp": 1671053087116, "tick_direction": 3, "price": 0.0055, "mark_price": 0.00618358, "iv": 46.18, "instrument_name": "BTC-30DEC22-20000-C", "index_price": 17822.93, "direction": "buy", "amount": 21.0}, {"trade_seq": 8000, "trade_id": "237768234", "timestamp": 1671053069529, "tick_direction": 3, "price": 0.0055, "mark_price": 0.00621381, "iv": 46.15, "instrument_name": "BTC-30DEC22-20000-C", "index_price": 17824.31, "direction": "sell", "amount": 2.4}, {"trade_seq": 7999, "trade_id": "237768233", "timestamp": 1671053069529, "tick_direction": 3, "price": 0.0055, "mark_price": 0.00621381, "iv": 46.15, "instrument_name": "BTC-30DEC22-20000-C", "index_price": 17824.31, "direction": "sell", "amount": 11.5}, {"trade_seq": 7998, "trade_id": "237768232", "timestamp": 1671053069529, "tick_direction": 3, "price": 0.0055, "mark_price": 0.00621381, "iv": 46.15, "instrument_name": "BTC-30DEC22-20000-C", "index_price": 17824.31, "direction": "sell", "amount": 6.0}, {"trade_seq": 7997, "trade_id": "237768231", "timestamp": 1671053069529, "tick_direction": 3, "price": 0.0055, "mark_price": 0.00621381, "iv": 46.15, "instrument_name": "BTC-30DEC22-20000-C", "index_price": 17824.31, "direction": "sell", "amount": 14.4}, {"trade_seq": 7996, "trade_id": "237768230", "timestamp": 1671053069529, "tick_direction": 2, "price": 0.0055, "mark_price": 0.00621381, "iv": 46.15, "instrument_name": "BTC-30DEC22-20000-C", "index_price": 17824.31, "direction": "sell", "amount": 9.3}, {"trade_seq": 7995, "trade_id": "237768150", "timestamp": 1671052993273, "tick_direction": 2, "price": 0.006, "mark_price": 0.00612044, "iv": 47.61, "instrument_name": "BTC-30DEC22-20000-C", "index_price": 17809.13, "direction": "buy", "amount": 1.0}, {"trade_seq": 7994, "trade_id": "237768147", "timestamp": 1671052984772, "tick_direction": 1, "price": 0.0065, "mark_price": 0.00612907, "iv": 48.74, "instrument_name": "BTC-30DEC22-20000-C", "index_price": 17809.69, "direction": "buy", "amount": 0.3}, {"trade_seq": 7993, "trade_id": "237768146", "timestamp": 1671052984772, "tick_direction": 1, "price": 0.0065, "mark_price": 0.00612907, "iv": 48.74, "instrument_name": "BTC-30DEC22-20000-C", "index_price": 17809.69, "direction": "buy", "amount": 0.6}, {"trade_seq": 7992, "trade_id": "237768142", "timestamp": 1671052976273, "tick_direction": 0, "price": 0.0065, "mark_price": 0.00612955, "iv": 48.74, "instrument_name": "BTC-30DEC22-20000-C", "index_price": 17809.47, "direction": "buy", "amount": 0.8}, {"trade_seq": 7991, "trade_id": "237768137", "timestamp": 1671052967779, "tick_direction": 1, "price": 0.006, "mark_price": 0.00613231, "iv": 47.6, "instrument_name": "BTC-30DEC22-20000-C", "index_price": 17809.13, "direction": "buy", "amount": 0.8}, {"trade_seq": 7990, "trade_id": "237768135", "timestamp": 1671052961282, "tick_direction": 1, "price": 0.006, "mark_price": 0.00613885, "iv": 47.6, "instrument_name": "BTC-30DEC22-20000-C", "index_price": 17809.21, "direction": "buy", "amount": 0.1}, {"trade_seq": 7989, "trade_id": "237768134", "timestamp": 1671052961282, "tick_direction": 1, "price": 0.006, "mark_price": 0.00613885, "iv": 47.6, "instrument_name": "BTC-30DEC22-20000-C", "index_price": 17809.21, "direction": "buy", "amount": 0.7}, {"trade_seq": 7988, "trade_id": "237768131", "timestamp": 1671052952768, "tick_direction": 0, "price": 0.006, "mark_price": 0.00614511, "iv": 47.6, "instrument_name": "BTC-30DEC22-20000-C", "index_price": 17808.97, "direction": "buy", "amount": 0.8}, {"trade_seq": 7987, "trade_id": "237768105", "timestamp": 1671052920298, "tick_direction": 3, "price": 0.0055, "mark_price": 0.00620351, "iv": 46.32, "instrument_name": "BTC-30DEC22-20000-C", "index_price": 17812.75, "direction": "sell", "amount": 14.4}, {"trade_seq": 7986, "trade_id": "237768104", "timestamp": 1671052920298, "tick_direction": 3, "price": 0.0055, "mark_price": 0.00620351, "iv": 46.32, "instrument_name": "BTC-30DEC22-20000-C", "index_price": 17812.75, "direction": "sell", "amount": 11.5}, {"trade_seq": 7985, "trade_id": "237768103", "timestamp": 1671052920298, "tick_direction": 3, "price": 0.0055, "mark_price": 0.00620351, "iv": 46.32, "instrument_name": "BTC-30DEC22-20000-C", "index_price": 17812.75, "direction": "sell", "amount": 27.0}, {"trade_seq": 7984, "trade_id": "237768102", "timestamp": 1671052920298, "tick_direction": 3, "price": 0.0055, "mark_price": 0.00620351, "iv": 46.32, "instrument_name": "BTC-30DEC22-20000-C", "index_price": 17812.75, "direction": "sell", "amount": 9.5}, {"trade_seq": 7983, "trade_id": "237768101", "timestamp": 1671052920298, "tick_direction": 3, "price": 0.0055, "mark_price": 0.00620351, "iv": 46.32, "instrument_name": "BTC-30DEC22-20000-C", "index_price": 17812.75, "direction": "sell", "amount": 2.4}, {"trade_seq": 7982, "trade_id": "237768100", "timestamp": 1671052920298, "tick_direction": 2, "price": 0.0055, "mark_price": 0.00620351, "iv": 46.32, "instrument_name": "BTC-30DEC22-20000-C", "index_price": 17812.75, "direction": "sell", "amount": 4.1}, {"trade_seq": 7981, "trade_id": "237768068", "timestamp": 1671052897102, "tick_direction": 1, "price": 0.0065, "mark_price": 0.00617929, "iv": 48.72, "instrument_name": "BTC-30DEC22-20000-C", "index_price": 17809.7, "direction": "buy", "amount": 0.7}, {"trade_seq": 7980, "trade_id": "237767446", "timestamp": 1671052257979, "tick_direction": 1, "price": 0.0065, "mark_price": 0.00672921, "iv": 48.33, "instrument_name": "BTC-30DEC22-20000-C", "index_price": 17832.69, "direction": "buy", "amount": 1.7}, {"trade_seq": 7979, "trade_id": "237767427", "timestamp": 1671052226709, "tick_direction": 1, "price": 0.0065, "mark_price": 0.00674342, "iv": 48.34, "instrument_name": "BTC-30DEC22-20000-C", "index_price": 17831.11, "direction": "buy", "amount": 1.7}, {"trade_seq": 7978, "trade_id": "237767410", "timestamp": 1671052212791, "tick_direction": 0, "price": 0.0065, "mark_price": 0.00674382, "iv": 48.35, "instrument_name": "BTC-30DEC22-20000-C", "index_price": 17829.99, "direction": "buy", "amount": 1.7}, {"trade_seq": 7977, "trade_id": "237766937", "timestamp": 1671051812646, "tick_direction": 2, "price": 0.006, "mark_price": 0.00669006, "iv": 47.72, "instrument_name": "BTC-30DEC22-20000-C", "index_price": 17798.29, "direction": "sell", "amount": 2.0}, {"trade_seq": 7976, "trade_id": "237766920", "timestamp": 1671051797110, "tick_direction": 0, "price": 0.007, "mark_price": 0.0067259, "iv": 49.91, "instrument_name": "BTC-30DEC22-20000-C", "index_price": 17802.49, "direction": "buy", "amount": 1.3}, {"trade_seq": 7975, "trade_id": "237766897", "timestamp": 1671051784554, "tick_direction": 3, "price": 0.006, "mark_price": 0.00671405, "iv": 47.69, "instrument_name": "BTC-30DEC22-20000-C", "index_price": 17800.27, "direction": "sell", "amount": 1.8}, {"trade_seq": 7974, "trade_id": "237766888", "timestamp": 1671051772021, "tick_direction": 2, "price": 0.006, "mark_price": 0.0067214, "iv": 47.69, "instrument_name": "BTC-30DEC22-20000-C", "index_price": 17799.88, "direction": "sell", "amount": 1.8}, {"trade_seq": 7973, "trade_id": "237766723", "timestamp": 1671051689275, "tick_direction": 1, "price": 0.007, "mark_price": 0.00662857, "iv": 50.23, "instrument_name": "BTC-30DEC22-20000-C", "index_price": 17783.83, "direction": "buy", "amount": 1.6}, {"trade_seq": 7972, "trade_id": "237766712", "timestamp": 1671051678753, "tick_direction": 1, "price": 0.007, "mark_price": 0.0066286, "iv": 50.23, "instrument_name": "BTC-30DEC22-20000-C", "index_price": 17782.86, "direction": "buy", "amount": 1.4}, {"trade_seq": 7971, "trade_id": "237766706", "timestamp": 1671051668240, "tick_direction": 1, "price": 0.007, "mark_price": 0.00661059, "iv": 50.28, "instrument_name": "BTC-30DEC22-20000-C", "index_price": 17778.1, "direction": "buy", "amount": 0.4}, {"trade_seq": 7970, "trade_id": "237766705", "timestamp": 1671051668240, "tick_direction": 1, "price": 0.007, "mark_price": 0.00661059, "iv": 50.28, "instrument_name": "BTC-30DEC22-20000-C", "index_price": 17778.1, "direction": "buy", "amount": 1.0}, {"trade_seq": 7969, "trade_id": "237766692", "timestamp": 1671051655708, "tick_direction": 1, "price": 0.007, "mark_price": 0.00660324, "iv": 50.31, "instrument_name": "BTC-30DEC22-20000-C", "index_price": 17776.03, "direction": "buy", "amount": 1.3}, {"trade_seq": 7968, "trade_id": "237766687", "timestamp": 1671051643167, "tick_direction": 1, "price": 0.007, "mark_price": 0.00660597, "iv": 50.3, "instrument_name": "BTC-30DEC22-20000-C", "index_price": 17775.72, "direction": "buy", "amount": 1.4}, {"trade_seq": 7967, "trade_id": "237766679", "timestamp": 1671051630654, "tick_direction": 1, "price": 0.007, "mark_price": 0.00659145, "iv": 50.34, "instrument_name": "BTC-30DEC22-20000-C", "index_price": 17773.42, "direction": "buy", "amount": 1.5}, {"trade_seq": 7966, "trade_id": "237766671", "timestamp": 1671051624277, "tick_direction": 0, "price": 0.007, "mark_price": 0.00657306, "iv": 50.38, "instrument_name": "BTC-30DEC22-20000-C", "index_price": 17772.3, "direction": "buy", "amount": 1.5}, {"trade_seq": 7965, "trade_id": "237765660", "timestamp": 1671050792488, "tick_direction": 3, "price": 0.006, "mark_price": 0.00662546, "iv": 48.74, "instrument_name": "BTC-30DEC22-20000-C", "index_price": 17735.01, "direction": "sell", "amount": 15.0}