{"trades": [{"trade_seq": 3159, "trade_id": "197233486", "timestamp": 1640935136142, "tick_direction": 3, "price": 0.0005, "mark_price": 0.00014176, "iv": 132.68, "instrument_name": "BTC-31DEC21-48000-C", "index_price": 47188.89, "direction": "sell", "amount": 3.4}, {"trade_seq": 3158, "trade_id": "197233485", "timestamp": 1640935136137, "tick_direction": 3, "price": 0.0005, "mark_price": 0.00014176, "iv": 132.68, "instrument_name": "BTC-31DEC21-48000-C", "index_price": 47188.89, "direction": "sell", "amount": 30.0}, {"trade_seq": 3157, "trade_id": "197233381", "timestamp": 1640935099297, "tick_direction": 3, "price": 0.0005, "mark_price": 0.00014894, "iv": 130.89, "instrument_name": "BTC-31DEC21-48000-C", "index_price": 47196.7, "direction": "sell", "amount": 34.0}, {"trade_seq": 3156, "trade_id": "197233089", "timestamp": 1640934917952, "tick_direction": 3, "price": 0.0005, "mark_price": 0.00019525, "iv": 121.84, "instrument_name": "BTC-31DEC21-48000-C", "index_price": 47224.84, "direction": "sell", "amount": 34.0}, {"trade_seq": 3155, "trade_id": "197232899", "timestamp": 1640934830945, "tick_direction": 3, "price": 0.0005, "mark_price": 0.00026751, "iv": 113.15, "instrument_name": "BTC-31DEC21-48000-C", "index_price": 47274.35, "direction": "sell", "amount": 0.2}, {"trade_seq": 3154, "trade_id": "197232549", "timestamp": 1640934721696, "tick_direction": 3, "price": 0.0005, "mark_price": 0.00038505, "iv": 102.58, "instrument_name": "BTC-31DEC21-48000-C", "index_price": 47352.97, "direction": "sell", "amount": 6.0}, {"trade_seq": 3153, "trade_id": "197232336", "timestamp": 1640934622056, "tick_direction": 3, "price": 0.0005, "mark_price": 0.00046615, "iv": 96.34, "instrument_name": "BTC-31DEC21-48000-C", "index_price": 47388.62, "direction": "sell", "amount": 0.2}, {"trade_seq": 3152, "trade_id": "197231868", "timestamp": 1640934055154, "tick_direction": 3, "price": 0.0005, "mark_price": 0.00058062, "iv": 83.91, "instrument_name": "BTC-31DEC21-48000-C", "index_price": 47419.82, "direction": "sell", "amount": 2.7}, {"trade_seq": 3151, "trade_id": "197231867", "timestamp": 1640934055154, "tick_direction": 3, "price": 0.0005, "mark_price": 0.00058062, "iv": 83.91, "instrument_name": "BTC-31DEC21-48000-C", "index_price": 47419.82, "direction": "sell", "amount": 2.3}, {"trade_seq": 3150, "trade_id": "197231770", "timestamp": 1640933996577, "tick_direction": 3, "price": 0.0005, "mark_price": 0.00049973, "iv": 87.01, "instrument_name": "BTC-31DEC21-48000-C", "index_price": 47392.83, "direction": "sell", "amount": 2.0}, {"trade_seq": 3149, "trade_id": "197231739", "timestamp": 1640933942129, "tick_direction": 2, "price": 0.0005, "mark_price": 0.00051072, "iv": 85.78, "instrument_name": "BTC-31DEC21-48000-C", "index_price": 47396.59, "direction": "sell", "amount": 2.0}, {"trade_seq": 3148, "trade_id": "197230705", "timestamp": 1640933486861, "tick_direction": 1, "price": 0.001, "mark_price": 0.00075897, "iv": 95.89, "instrument_name": "BTC-31DEC21-48000-C", "index_price": 47438.57, "direction": "buy", "amount": 1.0}, {"trade_seq": 3147, "trade_id": "197230585", "timestamp": 1640933387156, "tick_direction": 1, "price": 0.001, "mark_price": 0.00064421, "iv": 99.74, "instrument_name": "BTC-31DEC21-48000-C", "index_price": 47393.08, "direction": "buy", "amount": 1.0}, {"trade_seq": 3146, "trade_id": "197230443", "timestamp": 1640933296677, "tick_direction": 1, "price": 0.001, "mark_price": 0.00058665, "iv": 101.34, "instrument_name": "BTC-31DEC21-48000-C", "index_price": 47373.98, "direction": "buy", "amount": 1.0}, {"trade_seq": 3145, "trade_id": "197230112", "timestamp": 1640932937792, "tick_direction": 0, "price": 0.001, "mark_price": 0.00055403, "iv": 97.8, "instrument_name": "BTC-31DEC21-48000-C", "index_price": 47374.01, "direction": "buy", "amount": 3.0}, {"trade_seq": 3144, "trade_id": "197229883", "timestamp": 1640932670712, "tick_direction": 3, "price": 0.0005, "mark_price": 0.00063504, "iv": 72.91, "instrument_name": "BTC-31DEC21-48000-C", "index_price": 47416.47, "direction": "sell", "amount": 0.1}, {"trade_seq": 3143, "trade_id": "197229575", "timestamp": 1640932274603, "tick_direction": 2, "price": 0.0005, "mark_price": 0.00075059, "iv": 67.12, "instrument_name": "BTC-31DEC21-48000-C", "index_price": 47459.45, "direction": "sell", "amount": 0.2}, {"trade_seq": 3142, "trade_id": "197228853", "timestamp": 1640931889861, "tick_direction": 0, "price": 0.001, "mark_price": 0.00135533, "iv": 70.57, "instrument_name": "BTC-31DEC21-48000-C", "index_price": 47527.92, "direction": "sell", "amount": 2.0}, {"trade_seq": 3141, "trade_id": "197226133", "timestamp": 1640930664817, "tick_direction": 3, "price": 0.0005, "mark_price": 0.00048453, "iv": 79.35, "instrument_name": "BTC-31DEC21-48000-C", "index_price": 47211.18, "direction": "sell", "amount": 2.0}, {"trade_seq": 3140, "trade_id": "197225880", "timestamp": 1640930296244, "tick_direction": 2, "price": 0.0005, "mark_price": 0.00067785, "iv": 68.42, "instrument_name": "BTC-31DEC21-48000-C", "index_price": 47318.87, "direction": "sell", "amount": 0.8}, {"trade_seq": 3139, "trade_id": "197225212", "timestamp": 1640928809399, "tick_direction": 1, "price": 0.001, "mark_price": 0.00068012, "iv": 79.32, "instrument_name": "BTC-31DEC21-48000-C", "index_price": 47285.0, "direction": "buy", "amount": 0.9}, {"trade_seq": 3138, "trade_id": "197225211", "timestamp": 1640928809399, "tick_direction": 0, "price": 0.001, "mark_price": 0.00068012, "iv": 79.32, "instrument_name": "BTC-31DEC21-48000-C", "index_price": 47285.0, "direction": "buy", "amount": 0.1}, {"trade_seq": 3137, "trade_id": "197224978", "timestamp": 1640928465902, "tick_direction": 2, "price": 0.0005, "mark_price": 0.00061287, "iv": 63.09, "instrument_name": "BTC-31DEC21-48000-C", "index_price": 47294.17, "direction": "sell", "amount": 0.1}, {"trade_seq": 3136, "trade_id": "197224354", "timestamp": 1640927048660, "tick_direction": 0, "price": 0.001, "mark_price": 0.00093631, "iv": 67.99, "instrument_name": "BTC-31DEC21-48000-C", "index_price": 47360.0, "direction": "sell", "amount": 1.3}, {"trade_seq": 3135, "trade_id": "197223527", "timestamp": 1640925450257, "tick_direction": 2, "price": 0.0005, "mark_price": 0.00095581, "iv": 52.01, "instrument_name": "BTC-31DEC21-48000-C", "index_price": 47343.8, "direction": "sell", "amount": 0.4}, {"trade_seq": 3134, "trade_id": "197222628", "timestamp": 1640924797429, "tick_direction": 1, "price": 0.001, "mark_price": 0.00110697, "iv": 59.18, "instrument_name": "BTC-31DEC21-48000-C", "index_price": 47381.9, "direction": "sell", "amount": 0.3}, {"trade_seq": 3133, "trade_id": "197222623", "timestamp": 1640924792743, "tick_direction": 1, "price": 0.001, "mark_price": 0.00109434, "iv": 59.29, "instrument_name": "BTC-31DEC21-48000-C", "index_price": 47382.23, "direction": "sell", "amount": 0.3}, {"trade_seq": 3132, "trade_id": "197222563", "timestamp": 1640924778699, "tick_direction": 1, "price": 0.001, "mark_price": 0.00095297, "iv": 62.25, "instrument_name": "BTC-31DEC21-48000-C", "index_price": 47342.89, "direction": "sell", "amount": 0.3}, {"trade_seq": 3131, "trade_id": "197222421", "timestamp": 1640924677600, "tick_direction": 1, "price": 0.001, "mark_price": 0.0009653, "iv": 61.12, "instrument_name": "BTC-31DEC21-48000-C", "index_price": 47351.98, "direction": "sell", "amount": 0.6}, {"trade_seq": 3130, "trade_id": "197222420", "timestamp": 1640924677597, "tick_direction": 1, "price": 0.001, "mark_price": 0.0009653, "iv": 61.12, "instrument_name": "BTC-31DEC21-48000-C", "index_price": 47351.98, "direction": "sell", "amount": 0.4}, {"trade_seq": 3129, "trade_id": "197222299", "timestamp": 1640924586098, "tick_direction": 1, "price": 0.001, "mark_price": 0.00110907, "iv": 58.99, "instrument_name": "BTC-31DEC21-48000-C", "index_price": 47371.5, "direction": "buy", "amount": 0.2}, {"trade_seq": 3128, "trade_id": "197220109", "timestamp": 1640922313580, "tick_direction": 0, "price": 0.001, "mark_price": 0.00115509, "iv": 62.74, "instrument_name": "BTC-31DEC21-48000-C", "index_price": 47233.34, "direction": "sell", "amount": 0.1}, {"trade_seq": 3127, "trade_id": "197218653", "timestamp": 1640921236492, "tick_direction": 3, "price": 0.0005, "mark_price": 0.0010469, "iv": 53.81, "instrument_name": "BTC-31DEC21-48000-C", "index_price": 47142.25, "direction": "sell", "amount": 0.1}, {"trade_seq": 3126, "trade_id": "197216395", "timestamp": 1640918766942, "tick_direction": 3, "price": 0.0005, "mark_price": 0.00086024, "iv": 60.42, "instrument_name": "BTC-31DEC21-48000-C", "index_price": 46908.28, "direction": "sell", "amount": 0.1}, {"trade_seq": 3125, "trade_id": "197216394", "timestamp": 1640918766942, "tick_direction": 3, "price": 0.0005, "mark_price": 0.00086024, "iv": 60.42, "instrument_name": "BTC-31DEC21-48000-C", "index_price": 46908.28, "direction": "sell", "amount": 0.2}, {"trade_seq": 3124, "trade_id": "197216393", "timestamp": 1640918766942, "tick_direction": 3, "price": 0.0005, "mark_price": 0.00086024, "iv": 60.42, "instrument_name": "BTC-31DEC21-48000-C", "index_price": 46908.28, "direction": "sell", "amount": 0.1}, {"trade_seq": 3123, "trade_id": "197216392", "timestamp": 1640918766942, "tick_direction": 2, "price": 0.0005, "mark_price": 0.00086024, "iv": 60.42, "instrument_name": "BTC-31DEC21-48000-C", "index_price": 46908.28, "direction": "sell", "amount": 1.0}, {"trade_seq": 3122, "trade_id": "197215641", "timestamp": 1640917769659, "tick_direction": 1, "price": 0.001, "mark_price": 0.00111338, "iv": 70.57, "instrument_name": "BTC-31DEC21-48000-C", "index_price": 46930.49, "direction": "sell", "amount": 0.6}, {"trade_seq": 3121, "trade_id": "197214961", "timestamp": 1640917286795, "tick_direction": 1, "price": 0.001, "mark_price": 0.00101101, "iv": 67.37, "instrument_name": "BTC-31DEC21-48000-C", "index_price": 46963.78, "direction": "sell", "amount": 0.1}, {"trade_seq": 3120, "trade_id": "197214664", "timestamp": 1640917012202, "tick_direction": 0, "price": 0.001, "mark_price": 0.00089371, "iv": 66.9, "instrument_name": "BTC-31DEC21-48000-C", "index_price": 46977.22, "direction": "sell", "amount": 0.3}, {"trade_seq": 3119, "trade_id": "197214364", "timestamp": 1640916511453, "tick_direction": 2, "price": 0.0005, "mark_price": 0.00107119, "iv": 51.57, "instrument_name": "BTC-31DEC21-48000-C", "index_price": 47024.73, "direction": "sell", "amount": 0.1}, {"trade_seq": 3118, "trade_id": "197214194", "timestamp": 1640916272351, "tick_direction": 2, "price": 0.001, "mark_price": 0.0009827, "iv": 65.24, "instrument_name": "BTC-31DEC21-48000-C", "index_price": 46988.03, "direction": "sell", "amount": 1.0}, {"trade_seq": 3117, "trade_id": "197212896", "timestamp": 1640914361500, "tick_direction": 1, "price": 0.002, "mark_price": 0.00196099, "iv": 60.76, "instrument_name": "BTC-31DEC21-48000-C", "index_price": 47282.92, "direction": "buy", "amount": 2.0}, {"trade_seq": 3116, "trade_id": "197212895", "timestamp": 1640914361500, "tick_direction": 0, "price": 0.002, "mark_price": 0.00196099, "iv": 60.76, "instrument_name": "BTC-31DEC21-48000-C", "index_price": 47282.92, "direction": "buy", "amount": 5.0}, {"trade_seq": 3115, "trade_id": "197212259", "timestamp": 1640913861885, "tick_direction": 3, "price": 0.001, "mark_price": 0.00178203, "iv": 50.45, "instrument_name": "BTC-31DEC21-48000-C", "index_price": 47215.7, "direction": "sell", "amount": 0.2}, {"trade_seq": 3114, "trade_id": "197211364", "timestamp": 1640912936149, "tick_direction": 3, "price": 0.001, "mark_price": 0.00098316, "iv": 64.62, "instrument_name": "BTC-31DEC21-48000-C", "index_price": 46895.21, "direction": "sell", "amount": 0.8}, {"trade_seq": 3113, "trade_id": "197211091", "timestamp": 1640912627260, "tick_direction": 2, "price": 0.001, "mark_price": 0.00142362, "iv": 55.55, "instrument_name": "BTC-31DEC21-48000-C", "index_price": 47070.3, "direction": "sell", "amount": 0.2}, {"trade_seq": 3112, "trade_id": "197211022", "timestamp": 1640912557651, "tick_direction": 0, "price": 0.0015, "mark_price": 0.00125202, "iv": 66.28, "instrument_name": "BTC-31DEC21-48000-C", "index_price": 47019.09, "direction": "sell", "amount": 0.1}, {"trade_seq": 3111, "trade_id": "197209878", "timestamp": 1640911448362, "tick_direction": 2, "price": 0.001, "mark_price": 0.00113757, "iv": 62.73, "instrument_name": "BTC-31DEC21-48000-C", "index_price": 46906.07, "direction": "sell", "amount": 1.0}, {"trade_seq": 3110, "trade_id": "197208255", "timestamp": 1640910344148, "tick_direction": 2, "price": 0.0015, "mark_price": 0.00173209, "iv": 59.67, "instrument_name": "BTC-31DEC21-48000-C", "index_price": 47118.58, "direction": "sell", "amount": 0.1}, {"trade_seq": 3109, "trade_id": "197205742", "timestamp": 1640908915768, "tick_direction": 0, "price": 0.002, "mark_price": 0.00221366, "iv": 62.01, "instrument_name": "BTC-31DEC21-48000-C", "index_price": 47173.7, "direction": "buy", "amount": 4.0}, {"trade_seq": 3108, "trade_id": "197204765", "timestamp": 1640907590926, "tick_direction": 3, "price": 0.0015, "mark_price": 0.00189043, "iv": 61.03, "instrument_name": "BTC-31DEC21-48000-C", "index_price": 47017.26, "direction": "buy", "amount": 2.5}, {"trade_seq": 3107, "trade_id": "197204764", "timestamp": 1640907590921, "tick_direction": 3, "price": 0.0015, "mark_price": 0.00189043, "iv": 61.03, "instrument_name": "BTC-31DEC21-48000-C", "index_price": 47017.26, "direction": "sell", "amount": 8.5}, {"trade_seq": 3106, "trade_id": "197204754", "timestamp": 1640907574366, "tick_direction": 3, "price": 0.0015, "mark_price": 0.0019102, "iv": 60.7, "instrument_name": "BTC-31DEC21-48000-C", "index_price": 47023.84, "direction": "buy", "amount": 1.4}, {"trade_seq": 3105, "trade_id": "197204753", "timestamp": 1640907574362, "tick_direction": 3, "price": 0.0015, "mark_price": 0.0019102, "iv": 60.7, "instrument_name": "BTC-31DEC21-48000-C", "index_price": 47023.84, "direction": "sell", "amount": 0.5}, {"trade_seq": 3104, "trade_id": "197204752", "timestamp": 1640907574362, "tick_direction": 3, "price": 0.0015, "mark_price": 0.0019102, "iv": 60.7, "instrument_name": "BTC-31DEC21-48000-C", "index_price": 47023.84, "direction": "sell", "amount": 13.1}, {"trade_seq": 3103, "trade_id": "197199891", "timestamp": 1640904164935, "tick_direction": 3, "price": 0.0015, "mark_price": 0.00169548, "iv": 67.24, "instrument_name": "BTC-31DEC21-48000-C", "index_price": 46800.43, "direction": "sell", "amount": 1.9}, {"trade_seq": 3102, "trade_id": "197199890", "timestamp": 1640904164935, "tick_direction": 2, "price": 0.0015, "mark_price": 0.00169548, "iv": 67.24, "instrument_name": "BTC-31DEC21-48000-C", "index_price": 46800.43, "direction": "sell", "amount": 2.0}, {"trade_seq": 3101, "trade_id": "197199711", "timestamp": 1640904075082, "tick_direction": 2, "price": 0.002, "mark_price": 0.00195245, "iv": 70.52, "instrument_name": "BTC-31DEC21-48000-C", "index_price": 46849.33, "direction": "sell", "amount": 0.3}, {"trade_seq": 3100, "trade_id": "197199052", "timestamp": 1640904006630, "tick_direction": 3, "price": 0.0025, "mark_price": 0.00227406, "iv": 71.85, "instrument_name": "BTC-31DEC21-48000-C", "index_price": 46952.15, "direction": "sell", "amount": 0.1}, {"trade_seq": 3099, "trade_id": "197199044", "timestamp": 1640904003912, "tick_direction": 3, "price": 0.0025, "mark_price": 0.00231075, "iv": 71.43, "instrument_name": "BTC-31DEC21-48000-C", "index_price": 46960.79, "direction": "sell", "amount": 1.8}, {"trade_seq": 3098, "trade_id": "197198980", "timestamp": 1640903915574, "tick_direction": 3, "price": 0.0025, "mark_price": 0.00229329, "iv": 70.5, "instrument_name": "BTC-31DEC21-48000-C", "index_price": 46987.0, "direction": "sell", "amount": 0.5}, {"trade_seq": 3097, "trade_id": "197198979", "timestamp": 1640903914219, "tick_direction": 3, "price": 0.0025, "mark_price": 0.00229056, "iv": 70.49, "instrument_name": "BTC-31DEC21-48000-C", "index_price": 46987.66, "direction": "sell", "amount": 0.5}, {"trade_seq": 3096, "trade_id": "197198948", "timestamp": 1640903902468, "tick_direction": 2, "price": 0.0025, "mark_price": 0.00236243, "iv": 69.52, "instrument_name": "BTC-31DEC21-48000-C", "index_price": 47005.61, "direction": "sell", "amount": 0.1}, {"trade_seq": 3095, "trade_id": "197196950", "timestamp": 1640902065509, "tick_direction": 2, "price": 0.003, "mark_price": 0.00324644, "iv": 60.13, "instrument_name": "BTC-31DEC21-48000-C", "index_price": 47253.65, "direction": "sell", "amount": 0.1}, {"trade_seq": 3094, "trade_id": "197196948", "timestamp": 1640902059699, "tick_direction": 3, "price": 0.0035, "mark_price": 0.00331767, "iv": 64.1, "instrument_name": "BTC-31DEC21-48000-C", "index_price": 47263.94, "direction": "buy", "amount": 1.3}, {"trade_seq": 3093, "trade_id": "197196152", "timestamp": 1640901572427, "tick_direction": 2, "price": 0.0035, "mark_price": 0.00337495, "iv": 63.95, "instrument_name": "BTC-31DEC21-48000-C", "index_price": 47243.81, "direction": "buy", "amount": 0.1}, {"trade_seq": 3092, "trade_id": "197195117", "timestamp": 1640900951472, "tick_direction": 0, "price": 0.004, "mark_price": 0.00391026, "iv": 64.83, "instrument_name": "BTC-31DEC21-48000-C", "index_price": 47309.36, "direction": "sell", "amount": 2.0}, {"trade_seq": 3091, "trade_id": "197195085", "timestamp": 1640900940218, "tick_direction": 2, "price": 0.0035, "mark_price": 0.00388166, "iv": 60.6, "instrument_name": "BTC-31DEC21-48000-C", "index_price": 47311.48, "direction": "sell", "amount": 0.1}, {"trade_seq": 3090, "trade_id": "197194824", "timestamp": 1640900817861, "tick_direction": 1, "price": 0.004, "mark_price": 0.0039788, "iv": 64.43, "instrument_name": "BTC-31DEC21-48000-C", "index_price": 47314.42, "direction": "sell", "amount": 0.4}, {"trade_seq": 3089, "trade_id": "197194797", "timestamp": 1640900809970, "tick_direction": 1, "price": 0.004, "mark_price": 0.00406843, "iv": 63.61, "instrument_name": "BTC-31DEC21-48000-C", "index_price": 47328.87, "direction": "sell", "amount": 0.5}, {"trade_seq": 3088, "trade_id": "197194750", "timestamp": 1640900792381, "tick_direction": 1, "price": 0.004, "mark_price": 0.00402827, "iv": 63.86, "instrument_name": "BTC-31DEC21-48000-C", "index_price": 47329.96, "direction": "sell", "amount": 1.1}, {"trade_seq": 3087, "trade_id": "197194369", "timestamp": 1640900646169, "tick_direction": 1, "price": 0.004, "mark_price": 0.00377008, "iv": 65.4, "instrument_name": "BTC-31DEC21-48000-C", "index_price": 47307.7, "direction": "buy", "amount": 2.2}, {"trade_seq": 3086, "trade_id": "197194345", "timestamp": 1640900622805, "tick_direction": 1, "price": 0.004, "mark_price": 0.00366854, "iv": 66.25, "instrument_name": "BTC-31DEC21-48000-C", "index_price": 47296.84, "direction": "buy", "amount": 2.0}, {"trade_seq": 3085, "trade_id": "197194323", "timestamp": 1640900614469, "tick_direction": 1, "price": 0.004, "mark_price": 0.00369066, "iv": 66.0, "instrument_name": "BTC-31DEC21-48000-C", "index_price": 47301.33, "direction": "buy", "amount": 1.7}, {"trade_seq": 3084, "trade_id": "197194313", "timestamp": 1640900597836, "tick_direction": 1, "price": 0.004, "mark_price": 0.00365935, "iv": 66.2, "instrument_name": "BTC-31DEC21-48000-C", "index_price": 47298.3, "direction": "buy", "amount": 2.8}, {"trade_seq": 3083, "trade_id": "197194312", "timestamp": 1640900597836, "tick_direction": 1, "price": 0.004, "mark_price": 0.00365935, "iv": 66.2, "instrument_name": "BTC-31DEC21-48000-C", "index_price": 47298.3, "direction": "buy", "amount": 2.2}, {"trade_seq": 3082, "trade_id": "197194311", "timestamp": 1640900597836, "tick_direction": 1, "price": 0.004, "mark_price": 0.00365935, "iv": 66.2, "instrument_name": "BTC-31DEC21-48000-C", "index_price": 47298.3, "direction": "buy", "amount": 11.5}, {"trade_seq": 3081, "trade_id": "197194284", "timestamp": 1640900581057, "tick_direction": 1, "price": 0.004, "mark_price": 0.00372778, "iv": 65.58, "instrument_name": "BTC-31DEC21-48000-C", "index_price": 47312.14, "direction": "buy", "amount": 0.5}, {"trade_seq": 3080, "trade_id": "197194283", "timestamp": 1640900581057, "tick_direction": 1, "price": 0.004, "mark_price": 0.00372778, "iv": 65.58, "instrument_name": "BTC-31DEC21-48000-C", "index_price": 47312.14, "direction": "buy", "amount": 2.0}, {"trade_seq": 3079, "trade_id": "197194282", "timestamp": 1640900581057, "tick_direction": 1, "price": 0.004, "mark_price": 0.00372778, "iv": 65.58, "instrument_name": "BTC-31DEC21-48000-C", "index_price": 47312.14, "direction": "buy", "amount": 2.0}, {"trade_seq": 3078, "trade_id": "197194281", "timestamp": 1640900581057, "tick_direction": 1, "price": 0.004, "mark_price": 0.00372778, "iv": 65.58, "instrument_name": "BTC-31DEC21-48000-C", "index_price": 47312.14, "direction": "buy", "amount": 0.1}, {"trade_seq": 3077, "trade_id": "197194280", "timestamp": 1640900581057, "tick_direction": 0, "price": 0.004, "mark_price": 0.00372778, "iv": 65.58, "instrument_name": "BTC-31DEC21-48000-C", "index_price": 47312.14, "direction": "buy", "amount": 0.4}, {"trade_seq": 3076, "trade_id": "197194120", "timestamp": 1640900432888, "tick_direction": 2, "price": 0.0035, "mark_price": 0.00347596, "iv": 63.09, "instrument_name": "BTC-31DEC21-48000-C", "index_price": 47284.88, "direction": "sell", "amount": 0.5}, {"trade_seq": 3075, "trade_id": "197193310", "timestamp": 1640899869754, "tick_direction": 0, "price": 0.004, "mark_price": 0.00382141, "iv": 64.09, "instrument_name": "BTC-31DEC21-48000-C", "index_price": 47315.75, "direction": "buy", "amount": 0.1}, {"trade_seq": 3074, "trade_id": "197192946", "timestamp": 1640899623083, "tick_direction": 1, "price": 0.0035, "mark_price": 0.00372965, "iv": 60.85, "instrument_name": "BTC-31DEC21-48000-C", "index_price": 47299.77, "direction": "sell", "amount": 0.1}, {"trade_seq": 3073, "trade_id": "197191757", "timestamp": 1640899070698, "tick_direction": 1, "price": 0.0035, "mark_price": 0.00348638, "iv": 62.96, "instrument_name": "BTC-31DEC21-48000-C", "index_price": 47241.85, "direction": "buy", "amount": 0.1}, {"trade_seq": 3072, "trade_id": "197191756", "timestamp": 1640899070698, "tick_direction": 0, "price": 0.0035, "mark_price": 0.00348638, "iv": 62.96, "instrument_name": "BTC-31DEC21-48000-C", "index_price": 47241.85, "direction": "buy", "amount": 5.0}, {"trade_seq": 3071, "trade_id": "197190736", "timestamp": 1640898759663, "tick_direction": 3, "price": 0.0025, "mark_price": 0.00309558, "iv": 58.63, "instrument_name": "BTC-31DEC21-48000-C", "index_price": 47157.89, "direction": "sell", "amount": 2.5}, {"trade_seq": 3070, "trade_id": "197190735", "timestamp": 1640898759663, "tick_direction": 3, "price": 0.0025, "mark_price": 0.00309558, "iv": 58.63, "instrument_name": "BTC-31DEC21-48000-C", "index_price": 47157.89, "direction": "sell", "amount": 3.2}, {"trade_seq": 3069, "trade_id": "197190734", "timestamp": 1640898759663, "tick_direction": 3, "price": 0.0025, "mark_price": 0.00309558, "iv": 58.63, "instrument_name": "BTC-31DEC21-48000-C", "index_price": 47157.89, "direction": "sell", "amount": 21.0}, {"trade_seq": 3068, "trade_id": "197190733", "timestamp": 1640898759663, "tick_direction": 3, "price": 0.0025, "mark_price": 0.00309558, "iv": 58.63, "instrument_name": "BTC-31DEC21-48000-C", "index_price": 47157.89, "direction": "sell", "amount": 2.3}, {"trade_seq": 3067, "trade_id": "197190732", "timestamp": 1640898759663, "tick_direction": 2, "price": 0.0025, "mark_price": 0.00309558, "iv": 58.63, "instrument_name": "BTC-31DEC21-48000-C", "index_price": 47157.89, "direction": "sell", "amount": 1.0}, {"trade_seq": 3066, "trade_id": "197189685", "timestamp": 1640898248330, "tick_direction": 3, "price": 0.003, "mark_price": 0.0026198, "iv": 67.69, "instrument_name": "BTC-31DEC21-48000-C", "index_price": 47049.26, "direction": "buy", "amount": 3.7}, {"trade_seq": 3065, "trade_id": "197189684", "timestamp": 1640898248330, "tick_direction": 2, "price": 0.003, "mark_price": 0.0026198, "iv": 67.69, "instrument_name": "BTC-31DEC21-48000-C", "index_price": 47049.26, "direction": "buy", "amount": 5.0}, {"trade_seq": 3064, "trade_id": "197185889", "timestamp": 1640897380577, "tick_direction": 3, "price": 0.0035, "mark_price": 0.00317565, "iv": 62.85, "instrument_name": "BTC-31DEC21-48000-C", "index_price": 47242.76, "direction": "buy", "amount": 0.1}, {"trade_seq": 3063, "trade_id": "197185883", "timestamp": 1640897380402, "tick_direction": 2, "price": 0.0035, "mark_price": 0.00317565, "iv": 62.85, "instrument_name": "BTC-31DEC21-48000-C", "index_price": 47242.76, "direction": "buy", "amount": 0.4}, {"trade_seq": 3062, "trade_id": "197185740", "timestamp": 1640897365683, "tick_direction": 1, "price": 0.004, "mark_price": 0.00342635, "iv": 64.91, "instrument_name": "BTC-31DEC21-48000-C", "index_price": 47279.78, "direction": "buy", "amount": 1.1}, {"trade_seq": 3061, "trade_id": "197185739", "timestamp": 1640897365683, "tick_direction": 1, "price": 0.004, "mark_price": 0.00342635, "iv": 64.91, "instrument_name": "BTC-31DEC21-48000-C", "index_price": 47279.78, "direction": "buy", "amount": 1.6}, {"trade_seq": 3060, "trade_id": "197185737", "timestamp": 1640897365676, "tick_direction": 0, "price": 0.004, "mark_price": 0.00342635, "iv": 64.91, "instrument_name": "BTC-31DEC21-48000-C", "index_price": 47279.78, "direction": "buy", "amount": 2.7}, {"trade_seq": 3059, "trade_id": "197185605", "timestamp": 1640897341902, "tick_direction": 3, "price": 0.0035, "mark_price": 0.00321061, "iv": 62.33, "instrument_name": "BTC-31DEC21-48000-C", "index_price": 47253.56, "direction": "buy", "amount": 0.5}, {"trade_seq": 3058, "trade_id": "197185604", "timestamp": 1640897341902, "tick_direction": 2, "price": 0.0035, "mark_price": 0.00321061, "iv": 62.33, "instrument_name": "BTC-31DEC21-48000-C", "index_price": 47253.56, "direction": "buy", "amount": 2.0}, {"trade_seq": 3057, "trade_id": "197183904", "timestamp": 1640896567046, "tick_direction": 2, "price": 0.0045, "mark_price": 0.00481447, "iv": 56.55, "instrument_name": "BTC-31DEC21-48000-C", "index_price": 47527.61, "direction": "sell", "amount": 0.1}, {"trade_seq": 3056, "trade_id": "197183507", "timestamp": 1640896164048, "tick_direction": 2, "price": 0.005, "mark_price": 0.00534894, "iv": 56.37, "instrument_name": "BTC-31DEC21-48000-C", "index_price": 47599.25, "direction": "sell", "amount": 0.1}, {"trade_seq": 3055, "trade_id": "197182684", "timestamp": 1640895349343, "tick_direction": 1, "price": 0.0055, "mark_price": 0.00517551, "iv": 60.69, "instrument_name": "BTC-31DEC21-48000-C", "index_price": 47574.87, "direction": "buy", "amount": 0.9}, {"trade_seq": 3054, "trade_id": "197182683", "timestamp": 1640895349343, "tick_direction": 1, "price": 0.0055, "mark_price": 0.00517551, "iv": 60.69, "instrument_name": "BTC-31DEC21-48000-C", "index_price": 47574.87, "direction": "buy", "amount": 0.5}, {"trade_seq": 3053, "trade_id": "197182682", "timestamp": 1640895349343, "tick_direction": 0, "price": 0.0055, "mark_price": 0.00517551, "iv": 60.69, "instrument_name": "BTC-31DEC21-48000-C", "index_price": 47574.87, "direction": "buy", "amount": 1.6}, {"trade_seq": 3052, "trade_id": "197182627", "timestamp": 1640895255246, "tick_direction": 3, "price": 0.005, "mark_price": 0.00496798, "iv": 58.5, "instrument_name": "BTC-31DEC21-48000-C", "index_price": 47540.38, "direction": "sell", "amount": 1.1}, {"trade_seq": 3051, "trade_id": "197182626", "timestamp": 1640895255228, "tick_direction": 3, "price": 0.005, "mark_price": 0.00496798, "iv": 58.5, "instrument_name": "BTC-31DEC21-48000-C", "index_price": 47540.38, "direction": "sell", "amount": 0.4}, {"trade_seq": 3050, "trade_id": "197182625", "timestamp": 1640895255225, "tick_direction": 3, "price": 0.005, "mark_price": 0.00496798, "iv": 58.5, "instrument_name": "BTC-31DEC21-48000-C", "index_price": 47540.38, "direction": "sell", "amount": 0.5}, {"trade_seq": 3049, "trade_id": "197182068", "timestamp": 1640894575468, "tick_direction": 3, "price": 0.005, "mark_price": 0.00510863, "iv": 57.54, "instrument_name": "BTC-31DEC21-48000-C", "index_price": 47544.49, "direction": "sell", "amount": 0.4}, {"trade_seq": 3048, "trade_id": "197181685", "timestamp": 1640894324795, "tick_direction": 2, "price": 0.005, "mark_price": 0.00525687, "iv": 56.12, "instrument_name": "BTC-31DEC21-48000-C", "index_price": 47559.86, "direction": "sell", "amount": 0.6}, {"trade_seq": 3047, "trade_id": "197181610", "timestamp": 1640894294545, "tick_direction": 0, "price": 0.0055, "mark_price": 0.00534744, "iv": 59.08, "instrument_name": "BTC-31DEC21-48000-C", "index_price": 47576.79, "direction": "buy", "amount": 0.5}, {"trade_seq": 3046, "trade_id": "197181521", "timestamp": 1640894215569, "tick_direction": 2, "price": 0.005, "mark_price": 0.00526569, "iv": 56.04, "instrument_name": "BTC-31DEC21-48000-C", "index_price": 47558.41, "direction": "sell", "amount": 0.1}, {"trade_seq": 3045, "trade_id": "197180913", "timestamp": 1640894031520, "tick_direction": 2, "price": 0.0065, "mark_price": 0.0065618, "iv": 57.46, "instrument_name": "BTC-31DEC21-48000-C", "index_price": 47716.49, "direction": "buy", "amount": 0.1}, {"trade_seq": 3044, "trade_id": "197180266", "timestamp": 1640893658695, "tick_direction": 1, "price": 0.0075, "mark_price": 0.00737833, "iv": 58.63, "instrument_name": "BTC-31DEC21-48000-C", "index_price": 47808.94, "direction": "buy", "amount": 0.5}, {"trade_seq": 3043, "trade_id": "197180173", "timestamp": 1640893544373, "tick_direction": 0, "price": 0.0075, "mark_price": 0.00736443, "iv": 58.25, "instrument_name": "BTC-31DEC21-48000-C", "index_price": 47820.63, "direction": "buy", "amount": 0.1}, {"trade_seq": 3042, "trade_id": "197178781", "timestamp": 1640892180580, "tick_direction": 2, "price": 0.007, "mark_price": 0.00762829, "iv": 53.7, "instrument_name": "BTC-31DEC21-48000-C", "index_price": 47826.38, "direction": "sell", "amount": 0.1}, {"trade_seq": 3041, "trade_id": "197176393", "timestamp": 1640890817400, "tick_direction": 0, "price": 0.0085, "mark_price": 0.00844653, "iv": 58.38, "instrument_name": "BTC-31DEC21-48000-C", "index_price": 47887.77, "direction": "sell", "amount": 0.5}, {"trade_seq": 3040, "trade_id": "197173015", "timestamp": 1640889037326, "tick_direction": 0, "price": 0.007, "mark_price": 0.0068686, "iv": 59.02, "instrument_name": "BTC-31DEC21-48000-C", "index_price": 47716.13, "direction": "buy", "amount": 0.4}, {"trade_seq": 3039, "trade_id": "197172711", "timestamp": 1640888830518, "tick_direction": 1, "price": 0.0065, "mark_price": 0.00693042, "iv": 56.0, "instrument_name": "BTC-31DEC21-48000-C", "index_price": 47712.39, "direction": "sell", "amount": 0.1}, {"trade_seq": 3038, "trade_id": "197172710", "timestamp": 1640888830489, "tick_direction": 0, "price": 0.0065, "mark_price": 0.00693042, "iv": 56.0, "instrument_name": "BTC-31DEC21-48000-C", "index_price": 47712.39, "direction": "sell", "amount": 0.5}, {"trade_seq": 3037, "trade_id": "197171697", "timestamp": 1640887846109, "tick_direction": 3, "price": 0.0055, "mark_price": 0.00567225, "iv": 57.49, "instrument_name": "BTC-31DEC21-48000-C", "index_price": 47550.05, "direction": "sell", "amount": 0.1}, {"trade_seq": 3036, "trade_id": "197171696", "timestamp": 1640887846079, "tick_direction": 2, "price": 0.0055, "mark_price": 0.00567225, "iv": 57.49, "instrument_name": "BTC-31DEC21-48000-C", "index_price": 47550.05, "direction": "sell", "amount": 0.7}, {"trade_seq": 3035, "trade_id": "197169999", "timestamp": 1640886323110, "tick_direction": 1, "price": 0.0065, "mark_price": 0.00677359, "iv": 58.07, "instrument_name": "BTC-31DEC21-48000-C", "index_price": 47636.26, "direction": "sell", "amount": 0.8}, {"trade_seq": 3034, "trade_id": "197168929", "timestamp": 1640885505622, "tick_direction": 0, "price": 0.0065, "mark_price": 0.00676622, "iv": 56.65, "instrument_name": "BTC-31DEC21-48000-C", "index_price": 47658.55, "direction": "sell", "amount": 0.4}, {"trade_seq": 3033, "trade_id": "197168853", "timestamp": 1640885470065, "tick_direction": 2, "price": 0.006, "mark_price": 0.00681954, "iv": 53.08, "instrument_name": "BTC-31DEC21-48000-C", "index_price": 47665.65, "direction": "sell", "amount": 0.1}, {"trade_seq": 3032, "trade_id": "197168552", "timestamp": 1640885331905, "tick_direction": 1, "price": 0.0065, "mark_price": 0.00725466, "iv": 53.77, "instrument_name": "BTC-31DEC21-48000-C", "index_price": 47710.24, "direction": "sell", "amount": 5.5}, {"trade_seq": 3031, "trade_id": "197168551", "timestamp": 1640885331905, "tick_direction": 1, "price": 0.0065, "mark_price": 0.00725466, "iv": 53.77, "instrument_name": "BTC-31DEC21-48000-C", "index_price": 47710.24, "direction": "sell", "amount": 2.2}, {"trade_seq": 3030, "trade_id": "197168550", "timestamp": 1640885331905, "tick_direction": 0, "price": 0.0065, "mark_price": 0.00725466, "iv": 53.77, "instrument_name": "BTC-31DEC21-48000-C", "index_price": 47710.24, "direction": "sell", "amount": 2.3}, {"trade_seq": 3029, "trade_id": "197166246", "timestamp": 1640884410901, "tick_direction": 3, "price": 0.0055, "mark_price": 0.00569657, "iv": 57.77, "instrument_name": "BTC-31DEC21-48000-C", "index_price": 47497.09, "direction": "sell", "amount": 1.2}, {"trade_seq": 3028, "trade_id": "197166239", "timestamp": 1640884400582, "tick_direction": 3, "price": 0.0055, "mark_price": 0.00578769, "iv": 57.18, "instrument_name": "BTC-31DEC21-48000-C", "index_price": 47511.0, "direction": "sell", "amount": 0.6}, {"trade_seq": 3027, "trade_id": "197166228", "timestamp": 1640884376548, "tick_direction": 2, "price": 0.0055, "mark_price": 0.00587656, "iv": 56.72, "instrument_name": "BTC-31DEC21-48000-C", "index_price": 47516.46, "direction": "sell", "amount": 0.6}, {"trade_seq": 3026, "trade_id": "197165769", "timestamp": 1640884113258, "tick_direction": 3, "price": 0.006, "mark_price": 0.0062862, "iv": 58.03, "instrument_name": "BTC-31DEC21-48000-C", "index_price": 47562.88, "direction": "sell", "amount": 0.2}, {"trade_seq": 3025, "trade_id": "197165768", "timestamp": 1640884113256, "tick_direction": 3, "price": 0.006, "mark_price": 0.0062862, "iv": 58.03, "instrument_name": "BTC-31DEC21-48000-C", "index_price": 47562.88, "direction": "sell", "amount": 0.1}, {"trade_seq": 3024, "trade_id": "197165767", "timestamp": 1640884113254, "tick_direction": 3, "price": 0.006, "mark_price": 0.0062862, "iv": 58.03, "instrument_name": "BTC-31DEC21-48000-C", "index_price": 47562.88, "direction": "sell", "amount": 0.7}, {"trade_seq": 3023, "trade_id": "197165744", "timestamp": 1640884087466, "tick_direction": 3, "price": 0.006, "mark_price": 0.00634453, "iv": 57.87, "instrument_name": "BTC-31DEC21-48000-C", "index_price": 47562.59, "direction": "sell", "amount": 2.3}, {"trade_seq": 3022, "trade_id": "197164979", "timestamp": 1640883730741, "tick_direction": 2, "price": 0.006, "mark_price": 0.00635928, "iv": 57.79, "instrument_name": "BTC-31DEC21-48000-C", "index_price": 47564.47, "direction": "sell", "amount": 0.5}, {"trade_seq": 3021, "trade_id": "197164389", "timestamp": 1640883511983, "tick_direction": 1, "price": 0.0065, "mark_price": 0.00683486, "iv": 57.94, "instrument_name": "BTC-31DEC21-48000-C", "index_price": 47609.12, "direction": "sell", "amount": 1.0}, {"trade_seq": 3020, "trade_id": "197164248", "timestamp": 1640883475982, "tick_direction": 1, "price": 0.0065, "mark_price": 0.00682693, "iv": 57.88, "instrument_name": "BTC-31DEC21-48000-C", "index_price": 47613.38, "direction": "sell", "amount": 1.0}, {"trade_seq": 3019, "trade_id": "197164220", "timestamp": 1640883469096, "tick_direction": 0, "price": 0.0065, "mark_price": 0.00688508, "iv": 57.54, "instrument_name": "BTC-31DEC21-48000-C", "index_price": 47618.06, "direction": "sell", "amount": 0.5}, {"trade_seq": 3018, "trade_id": "197161967", "timestamp": 1640882723654, "tick_direction": 0, "price": 0.0055, "mark_price": 0.00534943, "iv": 60.33, "instrument_name": "BTC-31DEC21-48000-C", "index_price": 47446.6, "direction": "buy", "amount": 0.1}, {"trade_seq": 3017, "trade_id": "197161428", "timestamp": 1640882317828, "tick_direction": 1, "price": 0.005, "mark_price": 0.00500334, "iv": 59.25, "instrument_name": "BTC-31DEC21-48000-C", "index_price": 47400.06, "direction": "buy", "amount": 0.5}, {"trade_seq": 3016, "trade_id": "197161427", "timestamp": 1640882317224, "tick_direction": 1, "price": 0.005, "mark_price": 0.00500154, "iv": 59.31, "instrument_name": "BTC-31DEC21-48000-C", "index_price": 47387.07, "direction": "buy", "amount": 1.7}, {"trade_seq": 3015, "trade_id": "197161359", "timestamp": 1640882313246, "tick_direction": 1, "price": 0.005, "mark_price": 0.00496908, "iv": 59.58, "instrument_name": "BTC-31DEC21-48000-C", "index_price": 47382.26, "direction": "buy", "amount": 0.8}, {"trade_seq": 3014, "trade_id": "197161358", "timestamp": 1640882313246, "tick_direction": 1, "price": 0.005, "mark_price": 0.00496908, "iv": 59.58, "instrument_name": "BTC-31DEC21-48000-C", "index_price": 47382.26, "direction": "buy", "amount": 1.0}, {"trade_seq": 3013, "trade_id": "197155361", "timestamp": 1640878841678, "tick_direction": 1, "price": 0.005, "mark_price": 0.00495142, "iv": 58.57, "instrument_name": "BTC-31DEC21-48000-C", "index_price": 47344.71, "direction": "buy", "amount": 0.9}, {"trade_seq": 3012, "trade_id": "197154953", "timestamp": 1640878498208, "tick_direction": 0, "price": 0.005, "mark_price": 0.00496363, "iv": 59.01, "instrument_name": "BTC-31DEC21-48000-C", "index_price": 47324.33, "direction": "buy", "amount": 0.1}, {"trade_seq": 3011, "trade_id": "197154389", "timestamp": 1640878025758, "tick_direction": 2, "price": 0.0045, "mark_price": 0.00516612, "iv": 54.27, "instrument_name": "BTC-31DEC21-48000-C", "index_price": 47353.19, "direction": "sell", "amount": 0.1}, {"trade_seq": 3010, "trade_id": "197153922", "timestamp": 1640877763603, "tick_direction": 1, "price": 0.0055, "mark_price": 0.0058161, "iv": 56.75, "instrument_name": "BTC-31DEC21-48000-C", "index_price": 47445.61, "direction": "sell", "amount": 0.5}, {"trade_seq": 3009, "trade_id": "197152180", "timestamp": 1640876582285, "tick_direction": 1, "price": 0.0055, "mark_price": 0.00516883, "iv": 60.64, "instrument_name": "BTC-31DEC21-48000-C", "index_price": 47356.9, "direction": "buy", "amount": 1.0}, {"trade_seq": 3008, "trade_id": "197151898", "timestamp": 1640876265803, "tick_direction": 1, "price": 0.0055, "mark_price": 0.00520537, "iv": 60.58, "instrument_name": "BTC-31DEC21-48000-C", "index_price": 47341.57, "direction": "buy", "amount": 3.0}, {"trade_seq": 3007, "trade_id": "197151893", "timestamp": 1640876259521, "tick_direction": 1, "price": 0.0055, "mark_price": 0.00519958, "iv": 60.64, "instrument_name": "BTC-31DEC21-48000-C", "index_price": 47343.19, "direction": "buy", "amount": 1.0}, {"trade_seq": 3006, "trade_id": "197151892", "timestamp": 1640876259521, "tick_direction": 0, "price": 0.0055, "mark_price": 0.00519958, "iv": 60.64, "instrument_name": "BTC-31DEC21-48000-C", "index_price": 47343.19, "direction": "buy", "amount": 2.0}, {"trade_seq": 3005, "trade_id": "197151762", "timestamp": 1640876103814, "tick_direction": 1, "price": 0.005, "mark_price": 0.00475554, "iv": 59.98, "instrument_name": "BTC-31DEC21-48000-C", "index_price": 47282.87, "direction": "sell", "amount": 0.5}, {"trade_seq": 3004, "trade_id": "197151746", "timestamp": 1640876096407, "tick_direction": 1, "price": 0.005, "mark_price": 0.00481437, "iv": 59.54, "instrument_name": "BTC-31DEC21-48000-C", "index_price": 47293.21, "direction": "buy", "amount": 3.0}, {"trade_seq": 3003, "trade_id": "197148768", "timestamp": 1640874814373, "tick_direction": 0, "price": 0.005, "mark_price": 0.00517144, "iv": 56.36, "instrument_name": "BTC-31DEC21-48000-C", "index_price": 47343.89, "direction": "buy", "amount": 0.5}, {"trade_seq": 3002, "trade_id": "197148272", "timestamp": 1640874571078, "tick_direction": 3, "price": 0.004, "mark_price": 0.00461798, "iv": 54.17, "instrument_name": "BTC-31DEC21-48000-C", "index_price": 47230.92, "direction": "sell", "amount": 0.2}, {"trade_seq": 3001, "trade_id": "197147017", "timestamp": 1640874022973, "tick_direction": 2, "price": 0.004, "mark_price": 0.00460075, "iv": 53.5, "instrument_name": "BTC-31DEC21-48000-C", "index_price": 47241.32, "direction": "sell", "amount": 1.0}, {"trade_seq": 3000, "trade_id": "197144641", "timestamp": 1640872567690, "tick_direction": 3, "price": 0.005, "mark_price": 0.00539699, "iv": 54.92, "instrument_name": "BTC-31DEC21-48000-C", "index_price": 47373.57, "direction": "sell", "amount": 0.2}, {"trade_seq": 2999, "trade_id": "197143452", "timestamp": 1640872120458, "tick_direction": 3, "price": 0.005, "mark_price": 0.00554769, "iv": 54.55, "instrument_name": "BTC-31DEC21-48000-C", "index_price": 47371.6, "direction": "sell", "amount": 0.3}, {"trade_seq": 2998, "trade_id": "197143145", "timestamp": 1640872024588, "tick_direction": 2, "price": 0.005, "mark_price": 0.00543553, "iv": 55.11, "instrument_name": "BTC-31DEC21-48000-C", "index_price": 47370.37, "direction": "sell", "amount": 0.1}, {"trade_seq": 2997, "trade_id": "197141015", "timestamp": 1640870925412, "tick_direction": 3, "price": 0.006, "mark_price": 0.00635285, "iv": 55.53, "instrument_name": "BTC-31DEC21-48000-C", "index_price": 47505.94, "direction": "sell", "amount": 0.1}, {"trade_seq": 2996, "trade_id": "197140917", "timestamp": 1640870798190, "tick_direction": 3, "price": 0.006, "mark_price": 0.00629179, "iv": 56.1, "instrument_name": "BTC-31DEC21-48000-C", "index_price": 47484.96, "direction": "sell", "amount": 0.1}, {"trade_seq": 2995, "trade_id": "197139604", "timestamp": 1640870132159, "tick_direction": 3, "price": 0.006, "mark_price": 0.00624733, "iv": 56.44, "instrument_name": "BTC-31DEC21-48000-C", "index_price": 47463.93, "direction": "sell", "amount": 7.2}, {"trade_seq": 2994, "trade_id": "197139603", "timestamp": 1640870132159, "tick_direction": 2, "price": 0.006, "mark_price": 0.00624733, "iv": 56.44, "instrument_name": "BTC-31DEC21-48000-C", "index_price": 47463.93, "direction": "sell", "amount": 3.8}, {"trade_seq": 2993, "trade_id": "197137080", "timestamp": 1640868417883, "tick_direction": 2, "price": 0.007, "mark_price": 0.00757116, "iv": 55.91, "instrument_name": "BTC-31DEC21-48000-C", "index_price": 47575.19, "direction": "sell", "amount": 0.2}, {"trade_seq": 2992, "trade_id": "197136289", "timestamp": 1640867876784, "tick_direction": 2, "price": 0.0075, "mark_price": 0.00808668, "iv": 55.73, "instrument_name": "BTC-31DEC21-48000-C", "index_price": 47637.49, "direction": "sell", "amount": 0.1}, {"trade_seq": 2991, "trade_id": "197135897", "timestamp": 1640867702564, "tick_direction": 3, "price": 0.0085, "mark_price": 0.00865458, "iv": 57.8, "instrument_name": "BTC-31DEC21-48000-C", "index_price": 47699.91, "direction": "buy", "amount": 3.1}, {"trade_seq": 2990, "trade_id": "197135882", "timestamp": 1640867699521, "tick_direction": 3, "price": 0.0085, "mark_price": 0.00853434, "iv": 58.27, "instrument_name": "BTC-31DEC21-48000-C", "index_price": 47692.95, "direction": "buy", "amount": 1.5}, {"trade_seq": 2989, "trade_id": "197135671", "timestamp": 1640867576361, "tick_direction": 3, "price": 0.0085, "mark_price": 0.00853739, "iv": 58.77, "instrument_name": "BTC-31DEC21-48000-C", "index_price": 47674.87, "direction": "buy", "amount": 2.0}, {"trade_seq": 2988, "trade_id": "197135453", "timestamp": 1640867487008, "tick_direction": 3, "price": 0.0085, "mark_price": 0.00836585, "iv": 59.94, "instrument_name": "BTC-31DEC21-48000-C", "index_price": 47653.32, "direction": "buy", "amount": 0.4}, {"trade_seq": 2987, "trade_id": "197135441", "timestamp": 1640867483760, "tick_direction": 2, "price": 0.0085, "mark_price": 0.0083744, "iv": 59.9, "instrument_name": "BTC-31DEC21-48000-C", "index_price": 47652.57, "direction": "buy", "amount": 2.0}, {"trade_seq": 2986, "trade_id": "197133603", "timestamp": 1640867172575, "tick_direction": 1, "price": 0.009, "mark_price": 0.00868312, "iv": 60.56, "instrument_name": "BTC-31DEC21-48000-C", "index_price": 47687.92, "direction": "sell", "amount": 12.4}, {"trade_seq": 2985, "trade_id": "197133593", "timestamp": 1640867172295, "tick_direction": 1, "price": 0.009, "mark_price": 0.00868312, "iv": 60.56, "instrument_name": "BTC-31DEC21-48000-C", "index_price": 47687.92, "direction": "sell", "amount": 2.2}, {"trade_seq": 2984, "trade_id": "197133519", "timestamp": 1640867168812, "tick_direction": 1, "price": 0.009, "mark_price": 0.00880273, "iv": 59.87, "instrument_name": "BTC-31DEC21-48000-C", "index_price": 47702.63, "direction": "sell", "amount": 1.9}, {"trade_seq": 2983, "trade_id": "197133513", "timestamp": 1640867167902, "tick_direction": 0, "price": 0.009, "mark_price": 0.00880312, "iv": 59.87, "instrument_name": "BTC-31DEC21-48000-C", "index_price": 47702.63, "direction": "buy", "amount": 9.0}, {"trade_seq": 2982, "trade_id": "197131545", "timestamp": 1640866714614, "tick_direction": 1, "price": 0.0075, "mark_price": 0.00755108, "iv": 58.17, "instrument_name": "BTC-31DEC21-48000-C", "index_price": 47563.65, "direction": "buy", "amount": 7.0}, {"trade_seq": 2981, "trade_id": "197131544", "timestamp": 1640866714614, "tick_direction": 1, "price": 0.0075, "mark_price": 0.00755108, "iv": 58.17, "instrument_name": "BTC-31DEC21-48000-C", "index_price": 47563.65, "direction": "buy", "amount": 0.5}, {"trade_seq": 2980, "trade_id": "197131543", "timestamp": 1640866714614, "tick_direction": 0, "price": 0.0075, "mark_price": 0.00755108, "iv": 58.17, "instrument_name": "BTC-31DEC21-48000-C", "index_price": 47563.65, "direction": "buy", "amount": 1.0}, {"trade_seq": 2979, "trade_id": "197131198", "timestamp": 1640866445369, "tick_direction": 2, "price": 0.007, "mark_price": 0.00724053, "iv": 58.68, "instrument_name": "BTC-31DEC21-48000-C", "index_price": 47478.43, "direction": "buy", "amount": 0.4}, {"trade_seq": 2978, "trade_id": "197127712", "timestamp": 1640865269581, "tick_direction": 1, "price": 0.008, "mark_price": 0.0080637, "iv": 60.0, "instrument_name": "BTC-31DEC21-48000-C", "index_price": 47565.25, "direction": "buy", "amount": 0.5}, {"trade_seq": 2977, "trade_id": "197127711", "timestamp": 1640865269567, "tick_direction": 1, "price": 0.008, "mark_price": 0.0080637, "iv": 60.0, "instrument_name": "BTC-31DEC21-48000-C", "index_price": 47565.25, "direction": "buy", "amount": 0.5}, {"trade_seq": 2976, "trade_id": "197127396", "timestamp": 1640865210135, "tick_direction": 0, "price": 0.008, "mark_price": 0.00791972, "iv": 61.02, "instrument_name": "BTC-31DEC21-48000-C", "index_price": 47545.45, "direction": "buy", "amount": 1.0}, {"trade_seq": 2975, "trade_id": "197126110", "timestamp": 1640865019032, "tick_direction": 3, "price": 0.0075, "mark_price": 0.00784562, "iv": 59.32, "instrument_name": "BTC-31DEC21-48000-C", "index_price": 47529.55, "direction": "sell", "amount": 7.0}, {"trade_seq": 2974, "trade_id": "197126109", "timestamp": 1640865019032, "tick_direction": 2, "price": 0.0075, "mark_price": 0.00784562, "iv": 59.32, "instrument_name": "BTC-31DEC21-48000-C", "index_price": 47529.55, "direction": "sell", "amount": 1.6}, {"trade_seq": 2973, "trade_id": "197125805", "timestamp": 1640864980938, "tick_direction": 1, "price": 0.0085, "mark_price": 0.00788038, "iv": 64.46, "instrument_name": "BTC-31DEC21-48000-C", "index_price": 47534.91, "direction": "sell", "amount": 7.7}, {"trade_seq": 2972, "trade_id": "197125804", "timestamp": 1640864980937, "tick_direction": 1, "price": 0.0085, "mark_price": 0.00788038, "iv": 64.46, "instrument_name": "BTC-31DEC21-48000-C", "index_price": 47534.91, "direction": "sell", "amount": 5.7}, {"trade_seq": 2971, "trade_id": "197125803", "timestamp": 1640864980934, "tick_direction": 1, "price": 0.0085, "mark_price": 0.00788038, "iv": 64.46, "instrument_name": "BTC-31DEC21-48000-C", "index_price": 47534.91, "direction": "buy", "amount": 2.1}, {"trade_seq": 2970, "trade_id": "197125802", "timestamp": 1640864980934, "tick_direction": 1, "price": 0.0085, "mark_price": 0.00788038, "iv": 64.46, "instrument_name": "BTC-31DEC21-48000-C", "index_price": 47534.91, "direction": "buy", "amount": 20.0}, {"trade_seq": 2969, "trade_id": "197125801", "timestamp": 1640864980934, "tick_direction": 1, "price": 0.0085, "mark_price": 0.00788038, "iv": 64.46, "instrument_name": "BTC-31DEC21-48000-C", "index_price": 47534.91, "direction": "buy", "amount": 5.9}, {"trade_seq": 2968, "trade_id": "197125800", "timestamp": 1640864980934, "tick_direction": 1, "price": 0.0085, "mark_price": 0.00788038, "iv": 64.46, "instrument_name": "BTC-31DEC21-48000-C", "index_price": 47534.91, "direction": "buy", "amount": 6.0}, {"trade_seq": 2967, "trade_id": "197125799", "timestamp": 1640864980934, "tick_direction": 0, "price": 0.0085, "mark_price": 0.00788038, "iv": 64.46, "instrument_name": "BTC-31DEC21-48000-C", "index_price": 47534.91, "direction": "buy", "amount": 2.6}, {"trade_seq": 2966, "trade_id": "197124990", "timestamp": 1640864918018, "tick_direction": 1, "price": 0.0075, "mark_price": 0.00745829, "iv": 60.5, "instrument_name": "BTC-31DEC21-48000-C", "index_price": 47503.12, "direction": "sell", "amount": 1.0}, {"trade_seq": 2965, "trade_id": "197124769", "timestamp": 1640864905307, "tick_direction": 1, "price": 0.0075, "mark_price": 0.00748877, "iv": 60.94, "instrument_name": "BTC-31DEC21-48000-C", "index_price": 47496.2, "direction": "sell", "amount": 2.1}, {"trade_seq": 2964, "trade_id": "197124767", "timestamp": 1640864905177, "tick_direction": 1, "price": 0.0075, "mark_price": 0.00748877, "iv": 60.94, "instrument_name": "BTC-31DEC21-48000-C", "index_price": 47496.2, "direction": "sell", "amount": 3.5}, {"trade_seq": 2963, "trade_id": "197124763", "timestamp": 1640864905098, "tick_direction": 0, "price": 0.0075, "mark_price": 0.00748877, "iv": 60.94, "instrument_name": "BTC-31DEC21-48000-C", "index_price": 47496.2, "direction": "sell", "amount": 2.4}, {"trade_seq": 2962, "trade_id": "197124284", "timestamp": 1640864799700, "tick_direction": 1, "price": 0.007, "mark_price": 0.0067771, "iv": 61.93, "instrument_name": "BTC-31DEC21-48000-C", "index_price": 47398.96, "direction": "sell", "amount": 0.2}, {"trade_seq": 2961, "trade_id": "197123895", "timestamp": 1640864723969, "tick_direction": 0, "price": 0.007, "mark_price": 0.0064616, "iv": 63.43, "instrument_name": "BTC-31DEC21-48000-C", "index_price": 47382.58, "direction": "buy", "amount": 0.2}, {"trade_seq": 2960, "trade_id": "197121835", "timestamp": 1640864597240, "tick_direction": 0, "price": 0.0065, "mark_price": 0.00627159, "iv": 59.46, "instrument_name": "BTC-31DEC21-48000-C", "index_price": 47388.95, "direction": "buy", "amount": 8.0}, {"trade_seq": 2959, "trade_id": "197120353", "timestamp": 1640864539575, "tick_direction": 0, "price": 0.006, "mark_price": 0.00617869, "iv": 58.64, "instrument_name": "BTC-31DEC21-48000-C", "index_price": 47332.89, "direction": "buy", "amount": 0.3}, {"trade_seq": 2958, "trade_id": "197119791", "timestamp": 1640864522672, "tick_direction": 1, "price": 0.0055, "mark_price": 0.00525658, "iv": 61.14, "instrument_name": "BTC-31DEC21-48000-C", "index_price": 47230.5, "direction": "buy", "amount": 9.0}, {"trade_seq": 2957, "trade_id": "197119790", "timestamp": 1640864522672, "tick_direction": 0, "price": 0.0055, "mark_price": 0.00525658, "iv": 61.14, "instrument_name": "BTC-31DEC21-48000-C", "index_price": 47230.5, "direction": "buy", "amount": 0.1}, {"trade_seq": 2956, "trade_id": "197119003", "timestamp": 1640864256996, "tick_direction": 2, "price": 0.0045, "mark_price": 0.00492207, "iv": 57.33, "instrument_name": "BTC-31DEC21-48000-C", "index_price": 47134.81, "direction": "sell", "amount": 0.4}, {"trade_seq": 2955, "trade_id": "197118627", "timestamp": 1640864173476, "tick_direction": 1, "price": 0.005, "mark_price": 0.00453542, "iv": 63.29, "instrument_name": "BTC-31DEC21-48000-C", "index_price": 47054.95, "direction": "buy", "amount": 0.5}, {"trade_seq": 2954, "trade_id": "197118626", "timestamp": 1640864173476, "tick_direction": 0, "price": 0.005, "mark_price": 0.00453542, "iv": 63.29, "instrument_name": "BTC-31DEC21-48000-C", "index_price": 47054.95, "direction": "buy", "amount": 1.7}, {"trade_seq": 2953, "trade_id": "197117145", "timestamp": 1640863297861, "tick_direction": 1, "price": 0.004, "mark_price": 0.00416439, "iv": 59.89, "instrument_name": "BTC-31DEC21-48000-C", "index_price": 46968.97, "direction": "sell", "amount": 0.1}, {"trade_seq": 2952, "trade_id": "197114730", "timestamp": 1640861413743, "tick_direction": 1, "price": 0.004, "mark_price": 0.00409673, "iv": 59.95, "instrument_name": "BTC-31DEC21-48000-C", "index_price": 46923.26, "direction": "buy", "amount": 10.0}, {"trade_seq": 2951, "trade_id": "197114729", "timestamp": 1640861413743, "tick_direction": 1, "price": 0.004, "mark_price": 0.00409673, "iv": 59.95, "instrument_name": "BTC-31DEC21-48000-C", "index_price": 46923.26, "direction": "buy", "amount": 0.2}, {"trade_seq": 2950, "trade_id": "197114728", "timestamp": 1640861413743, "tick_direction": 0, "price": 0.004, "mark_price": 0.00409673, "iv": 59.95, "instrument_name": "BTC-31DEC21-48000-C", "index_price": 46923.26, "direction": "buy", "amount": 1.0}, {"trade_seq": 2949, "trade_id": "197113976", "timestamp": 1640861011455, "tick_direction": 3, "price": 0.0035, "mark_price": 0.00379104, "iv": 59.72, "instrument_name": "BTC-31DEC21-48000-C", "index_price": 46834.06, "direction": "sell", "amount": 0.1}, {"trade_seq": 2948, "trade_id": "197112543", "timestamp": 1640860272322, "tick_direction": 2, "price": 0.0035, "mark_price": 0.00399555, "iv": 58.45, "instrument_name": "BTC-31DEC21-48000-C", "index_price": 46863.3, "direction": "sell", "amount": 0.1}, {"trade_seq": 2947, "trade_id": "197111141", "timestamp": 1640859357199, "tick_direction": 2, "price": 0.004, "mark_price": 0.00443533, "iv": 58.85, "instrument_name": "BTC-31DEC21-48000-C", "index_price": 46946.03, "direction": "sell", "amount": 0.2}, {"trade_seq": 2946, "trade_id": "197110759", "timestamp": 1640859014514, "tick_direction": 1, "price": 0.0045, "mark_price": 0.00437516, "iv": 62.64, "instrument_name": "BTC-31DEC21-48000-C", "index_price": 46912.91, "direction": "buy", "amount": 2.0}, {"trade_seq": 2945, "trade_id": "197110747", "timestamp": 1640858988338, "tick_direction": 1, "price": 0.0045, "mark_price": 0.00438997, "iv": 62.63, "instrument_name": "BTC-31DEC21-48000-C", "index_price": 46918.46, "direction": "buy", "amount": 2.0}, {"trade_seq": 2944, "trade_id": "197110733", "timestamp": 1640858984156, "tick_direction": 1, "price": 0.0045, "mark_price": 0.00437278, "iv": 62.74, "instrument_name": "BTC-31DEC21-48000-C", "index_price": 46913.32, "direction": "buy", "amount": 2.0}, {"trade_seq": 2943, "trade_id": "197110625", "timestamp": 1640858914688, "tick_direction": 0, "price": 0.0045, "mark_price": 0.00437844, "iv": 62.92, "instrument_name": "BTC-31DEC21-48000-C", "index_price": 46915.33, "direction": "buy", "amount": 2.0}, {"trade_seq": 2942, "trade_id": "197110103", "timestamp": 1640858536071, "tick_direction": 2, "price": 0.0035, "mark_price": 0.00410407, "iv": 59.54, "instrument_name": "BTC-31DEC21-48000-C", "index_price": 46807.71, "direction": "sell", "amount": 0.1}, {"trade_seq": 2941, "trade_id": "197108650", "timestamp": 1640858026817, "tick_direction": 2, "price": 0.004, "mark_price": 0.00426681, "iv": 62.34, "instrument_name": "BTC-31DEC21-48000-C", "index_price": 46804.05, "direction": "sell", "amount": 0.2}, {"trade_seq": 2940, "trade_id": "197106686", "timestamp": 1640857584716, "tick_direction": 3, "price": 0.0045, "mark_price": 0.00504552, "iv": 61.27, "instrument_name": "BTC-31DEC21-48000-C", "index_price": 46952.05, "direction": "sell", "amount": 0.3}, {"trade_seq": 2939, "trade_id": "197106123", "timestamp": 1640857149645, "tick_direction": 3, "price": 0.0045, "mark_price": 0.00494604, "iv": 62.82, "instrument_name": "BTC-31DEC21-48000-C", "index_price": 46904.3, "direction": "sell", "amount": 0.2}, {"trade_seq": 2938, "trade_id": "197105841", "timestamp": 1640856912757, "tick_direction": 3, "price": 0.0045, "mark_price": 0.00496747, "iv": 62.46, "instrument_name": "BTC-31DEC21-48000-C", "index_price": 46909.45, "direction": "sell", "amount": 0.1}, {"trade_seq": 2937, "trade_id": "197104854", "timestamp": 1640856052433, "tick_direction": 3, "price": 0.0045, "mark_price": 0.00491172, "iv": 62.73, "instrument_name": "BTC-31DEC21-48000-C", "index_price": 46891.48, "direction": "sell", "amount": 1.0}, {"trade_seq": 2936, "trade_id": "197103925", "timestamp": 1640855502448, "tick_direction": 3, "price": 0.0045, "mark_price": 0.00505587, "iv": 61.69, "instrument_name": "BTC-31DEC21-48000-C", "index_price": 46898.75, "direction": "sell", "amount": 0.1}, {"trade_seq": 2935, "trade_id": "197102492", "timestamp": 1640855024403, "tick_direction": 3, "price": 0.0045, "mark_price": 0.00482732, "iv": 62.95, "instrument_name": "BTC-31DEC21-48000-C", "index_price": 46871.87, "direction": "sell", "amount": 0.6}, {"trade_seq": 2934, "trade_id": "197102087", "timestamp": 1640854804400, "tick_direction": 2, "price": 0.0045, "mark_price": 0.00446436, "iv": 65.24, "instrument_name": "BTC-31DEC21-48000-C", "index_price": 46807.6, "direction": "buy", "amount": 0.1}, {"trade_seq": 2933, "trade_id": "197101133", "timestamp": 1640854163348, "tick_direction": 3, "price": 0.005, "mark_price": 0.00497921, "iv": 65.67, "instrument_name": "BTC-31DEC21-48000-C", "index_price": 46867.0, "direction": "buy", "amount": 2.0}, {"trade_seq": 2932, "trade_id": "197101128", "timestamp": 1640854160420, "tick_direction": 3, "price": 0.005, "mark_price": 0.00498259, "iv": 65.67, "instrument_name": "BTC-31DEC21-48000-C", "index_price": 46867.69, "direction": "buy", "amount": 2.0}, {"trade_seq": 2931, "trade_id": "197100628", "timestamp": 1640853682947, "tick_direction": 3, "price": 0.005, "mark_price": 0.00508801, "iv": 64.81, "instrument_name": "BTC-31DEC21-48000-C", "index_price": 46887.98, "direction": "sell", "amount": 0.9}, {"trade_seq": 2930, "trade_id": "197100586", "timestamp": 1640853657948, "tick_direction": 2, "price": 0.005, "mark_price": 0.00506827, "iv": 64.85, "instrument_name": "BTC-31DEC21-48000-C", "index_price": 46892.12, "direction": "sell", "amount": 0.1}, {"trade_seq": 2929, "trade_id": "197100373", "timestamp": 1640853426750, "tick_direction": 1, "price": 0.0055, "mark_price": 0.00526737, "iv": 66.6, "instrument_name": "BTC-31DEC21-48000-C", "index_price": 46934.34, "direction": "buy", "amount": 2.0}, {"trade_seq": 2928, "trade_id": "197100370", "timestamp": 1640853419459, "tick_direction": 1, "price": 0.0055, "mark_price": 0.00526668, "iv": 66.61, "instrument_name": "BTC-31DEC21-48000-C", "index_price": 46930.67, "direction": "buy", "amount": 2.0}, {"trade_seq": 2927, "trade_id": "197100347", "timestamp": 1640853394840, "tick_direction": 1, "price": 0.0055, "mark_price": 0.00517936, "iv": 67.15, "instrument_name": "BTC-31DEC21-48000-C", "index_price": 46916.39, "direction": "buy", "amount": 2.0}, {"trade_seq": 2926, "trade_id": "197100305", "timestamp": 1640853358563, "tick_direction": 1, "price": 0.0055, "mark_price": 0.005155, "iv": 67.03, "instrument_name": "BTC-31DEC21-48000-C", "index_price": 46917.13, "direction": "buy", "amount": 1.7}, {"trade_seq": 2925, "trade_id": "197100304", "timestamp": 1640853358563, "tick_direction": 0, "price": 0.0055, "mark_price": 0.005155, "iv": 67.03, "instrument_name": "BTC-31DEC21-48000-C", "index_price": 46917.13, "direction": "buy", "amount": 0.3}, {"trade_seq": 2924, "trade_id": "197100120", "timestamp": 1640853141281, "tick_direction": 2, "price": 0.005, "mark_price": 0.00531558, "iv": 63.59, "instrument_name": "BTC-31DEC21-48000-C", "index_price": 46928.24, "direction": "sell", "amount": 0.1}, {"trade_seq": 2923, "trade_id": "197099990", "timestamp": 1640852989032, "tick_direction": 0, "price": 0.0055, "mark_price": 0.00568023, "iv": 64.61, "instrument_name": "BTC-31DEC21-48000-C", "index_price": 46981.6, "direction": "buy", "amount": 0.4}, {"trade_seq": 2922, "trade_id": "197099715", "timestamp": 1640852751907, "tick_direction": 2, "price": 0.005, "mark_price": 0.00547289, "iv": 63.49, "instrument_name": "BTC-31DEC21-48000-C", "index_price": 46925.41, "direction": "sell", "amount": 0.1}, {"trade_seq": 2921, "trade_id": "197099693", "timestamp": 1640852738789, "tick_direction": 3, "price": 0.0055, "mark_price": 0.00539645, "iv": 66.9, "instrument_name": "BTC-31DEC21-48000-C", "index_price": 46917.1, "direction": "buy", "amount": 12.0}, {"trade_seq": 2920, "trade_id": "197098982", "timestamp": 1640852385702, "tick_direction": 3, "price": 0.0055, "mark_price": 0.00587224, "iv": 64.48, "instrument_name": "BTC-31DEC21-48000-C", "index_price": 46981.45, "direction": "sell", "amount": 0.2}, {"trade_seq": 2919, "trade_id": "197098672", "timestamp": 1640852250662, "tick_direction": 3, "price": 0.0055, "mark_price": 0.00598457, "iv": 64.1, "instrument_name": "BTC-31DEC21-48000-C", "index_price": 46996.81, "direction": "sell", "amount": 0.1}, {"trade_seq": 2918, "trade_id": "197098603", "timestamp": 1640852225653, "tick_direction": 2, "price": 0.0055, "mark_price": 0.00609704, "iv": 63.54, "instrument_name": "BTC-31DEC21-48000-C", "index_price": 47016.73, "direction": "sell", "amount": 0.1}, {"trade_seq": 2917, "trade_id": "197098524", "timestamp": 1640852175601, "tick_direction": 1, "price": 0.0065, "mark_price": 0.00609649, "iv": 69.28, "instrument_name": "BTC-31DEC21-48000-C", "index_price": 47010.26, "direction": "buy", "amount": 0.4}, {"trade_seq": 2916, "trade_id": "197098523", "timestamp": 1640852175601, "tick_direction": 1, "price": 0.0065, "mark_price": 0.00609649, "iv": 69.28, "instrument_name": "BTC-31DEC21-48000-C", "index_price": 47010.26, "direction": "buy", "amount": 0.6}, {"trade_seq": 2915, "trade_id": "197098482", "timestamp": 1640852151852, "tick_direction": 1, "price": 0.0065, "mark_price": 0.00621738, "iv": 68.57, "instrument_name": "BTC-31DEC21-48000-C", "index_price": 47038.62, "direction": "buy", "amount": 1.0}, {"trade_seq": 2914, "trade_id": "197098471", "timestamp": 1640852146419, "tick_direction": 0, "price": 0.0065, "mark_price": 0.00628643, "iv": 68.2, "instrument_name": "BTC-31DEC21-48000-C", "index_price": 47047.16, "direction": "buy", "amount": 1.0}, {"trade_seq": 2913, "trade_id": "197098109", "timestamp": 1640851995755, "tick_direction": 2, "price": 0.006, "mark_price": 0.00678488, "iv": 63.06, "instrument_name": "BTC-31DEC21-48000-C", "index_price": 47105.91, "direction": "sell", "amount": 0.4}, {"trade_seq": 2912, "trade_id": "197098038", "timestamp": 1640851917581, "tick_direction": 0, "price": 0.0065, "mark_price": 0.00682674, "iv": 65.89, "instrument_name": "BTC-31DEC21-48000-C", "index_price": 47104.76, "direction": "sell", "amount": 0.1}, {"trade_seq": 2911, "trade_id": "197097888", "timestamp": 1640851797738, "tick_direction": 2, "price": 0.006, "mark_price": 0.00671481, "iv": 63.62, "instrument_name": "BTC-31DEC21-48000-C", "index_price": 47099.33, "direction": "sell", "amount": 0.3}, {"trade_seq": 2910, "trade_id": "197097744", "timestamp": 1640851706043, "tick_direction": 0, "price": 0.0065, "mark_price": 0.0067515, "iv": 66.14, "instrument_name": "BTC-31DEC21-48000-C", "index_price": 47103.2, "direction": "buy", "amount": 1.0}, {"trade_seq": 2909, "trade_id": "197097711", "timestamp": 1640851681560, "tick_direction": 2, "price": 0.006, "mark_price": 0.0066751, "iv": 63.92, "instrument_name": "BTC-31DEC21-48000-C", "index_price": 47094.0, "direction": "sell", "amount": 0.3}, {"trade_seq": 2908, "trade_id": "197097709", "timestamp": 1640851680519, "tick_direction": 3, "price": 0.0065, "mark_price": 0.00667456, "iv": 66.7, "instrument_name": "BTC-31DEC21-48000-C", "index_price": 47094.55, "direction": "buy", "amount": 2.0}, {"trade_seq": 2907, "trade_id": "197097620", "timestamp": 1640851622550, "tick_direction": 3, "price": 0.0065, "mark_price": 0.00681319, "iv": 66.06, "instrument_name": "BTC-31DEC21-48000-C", "index_price": 47111.38, "direction": "sell", "amount": 0.5}, {"trade_seq": 2906, "trade_id": "197097495", "timestamp": 1640851571538, "tick_direction": 2, "price": 0.0065, "mark_price": 0.00683819, "iv": 66.07, "instrument_name": "BTC-31DEC21-48000-C", "index_price": 47108.77, "direction": "sell", "amount": 0.1}, {"trade_seq": 2905, "trade_id": "197097381", "timestamp": 1640851509674, "tick_direction": 1, "price": 0.007, "mark_price": 0.00713072, "iv": 67.34, "instrument_name": "BTC-31DEC21-48000-C", "index_price": 47141.44, "direction": "buy", "amount": 8.0}, {"trade_seq": 2904, "trade_id": "197097369", "timestamp": 1640851498188, "tick_direction": 0, "price": 0.007, "mark_price": 0.00720466, "iv": 66.92, "instrument_name": "BTC-31DEC21-48000-C", "index_price": 47155.53, "direction": "buy", "amount": 10.0}, {"trade_seq": 2903, "trade_id": "197097315", "timestamp": 1640851452513, "tick_direction": 2, "price": 0.0065, "mark_price": 0.00713393, "iv": 64.88, "instrument_name": "BTC-31DEC21-48000-C", "index_price": 47130.22, "direction": "sell", "amount": 0.1}, {"trade_seq": 2902, "trade_id": "197097167", "timestamp": 1640851397627, "tick_direction": 1, "price": 0.007, "mark_price": 0.00733815, "iv": 65.95, "instrument_name": "BTC-31DEC21-48000-C", "index_price": 47157.11, "direction": "sell", "amount": 1.5}, {"trade_seq": 2901, "trade_id": "197097138", "timestamp": 1640851396263, "tick_direction": 1, "price": 0.007, "mark_price": 0.00733751, "iv": 66.42, "instrument_name": "BTC-31DEC21-48000-C", "index_price": 47144.87, "direction": "sell", "amount": 1.0}, {"trade_seq": 2900, "trade_id": "197096945", "timestamp": 1640851392761, "tick_direction": 1, "price": 0.007, "mark_price": 0.0069405, "iv": 68.53, "instrument_name": "BTC-31DEC21-48000-C", "index_price": 47093.26, "direction": "buy", "amount": 1.0}, {"trade_seq": 2899, "trade_id": "197096944", "timestamp": 1640851392761, "tick_direction": 1, "price": 0.007, "mark_price": 0.0069405, "iv": 68.53, "instrument_name": "BTC-31DEC21-48000-C", "index_price": 47093.26, "direction": "buy", "amount": 1.0}, {"trade_seq": 2898, "trade_id": "197096943", "timestamp": 1640851392761, "tick_direction": 0, "price": 0.007, "mark_price": 0.0069405, "iv": 68.53, "instrument_name": "BTC-31DEC21-48000-C", "index_price": 47093.26, "direction": "buy", "amount": 0.3}, {"trade_seq": 2897, "trade_id": "197096852", "timestamp": 1640851369503, "tick_direction": 2, "price": 0.006, "mark_price": 0.00663857, "iv": 64.76, "instrument_name": "BTC-31DEC21-48000-C", "index_price": 47051.23, "direction": "sell", "amount": 0.5}, {"trade_seq": 2896, "trade_id": "197096829", "timestamp": 1640851365074, "tick_direction": 1, "price": 0.0065, "mark_price": 0.00649461, "iv": 68.35, "instrument_name": "BTC-31DEC21-48000-C", "index_price": 47029.64, "direction": "buy", "amount": 0.3}, {"trade_seq": 2895, "trade_id": "197096809", "timestamp": 1640851343141, "tick_direction": 0, "price": 0.0065, "mark_price": 0.00648634, "iv": 68.4, "instrument_name": "BTC-31DEC21-48000-C", "index_price": 47028.78, "direction": "buy", "amount": 0.3}, {"trade_seq": 2894, "trade_id": "197096712", "timestamp": 1640851318498, "tick_direction": 3, "price": 0.006, "mark_price": 0.0065596, "iv": 65.15, "instrument_name": "BTC-31DEC21-48000-C", "index_price": 47043.02, "direction": "sell", "amount": 0.1}, {"trade_seq": 2893, "trade_id": "197096659", "timestamp": 1640851294485, "tick_direction": 2, "price": 0.006, "mark_price": 0.0066712, "iv": 64.64, "instrument_name": "BTC-31DEC21-48000-C", "index_price": 47060.67, "direction": "sell", "amount": 4.8}, {"trade_seq": 2892, "trade_id": "197096420", "timestamp": 1640851223181, "tick_direction": 0, "price": 0.0065, "mark_price": 0.0064455, "iv": 68.71, "instrument_name": "BTC-31DEC21-48000-C", "index_price": 47023.13, "direction": "buy", "amount": 0.2}, {"trade_seq": 2891, "trade_id": "197096098", "timestamp": 1640850990887, "tick_direction": 3, "price": 0.006, "mark_price": 0.00646154, "iv": 65.83, "instrument_name": "BTC-31DEC21-48000-C", "index_price": 47021.61, "direction": "sell", "amount": 0.5}, {"trade_seq": 2890, "trade_id": "197095917", "timestamp": 1640850804352, "tick_direction": 2, "price": 0.006, "mark_price": 0.00646515, "iv": 65.61, "instrument_name": "BTC-31DEC21-48000-C", "index_price": 47022.48, "direction": "sell", "amount": 0.1}, {"trade_seq": 2889, "trade_id": "197094683", "timestamp": 1640849694651, "tick_direction": 2, "price": 0.0065, "mark_price": 0.00683681, "iv": 66.54, "instrument_name": "BTC-31DEC21-48000-C", "index_price": 47067.7, "direction": "sell", "amount": 0.2}, {"trade_seq": 2888, "trade_id": "197092019", "timestamp": 1640848009406, "tick_direction": 1, "price": 0.007, "mark_price": 0.00704967, "iv": 67.76, "instrument_name": "BTC-31DEC21-48000-C", "index_price": 47092.6, "direction": "buy", "amount": 0.5}, {"trade_seq": 2887, "trade_id": "197092004", "timestamp": 1640848003934, "tick_direction": 1, "price": 0.007, "mark_price": 0.00692218, "iv": 68.36, "instrument_name": "BTC-31DEC21-48000-C", "index_price": 47083.07, "direction": "buy", "amount": 0.1}, {"trade_seq": 2886, "trade_id": "197092003", "timestamp": 1640848003912, "tick_direction": 1, "price": 0.007, "mark_price": 0.00692218, "iv": 68.36, "instrument_name": "BTC-31DEC21-48000-C", "index_price": 47083.07, "direction": "buy", "amount": 0.1}, {"trade_seq": 2885, "trade_id": "197092002", "timestamp": 1640848003886, "tick_direction": 1, "price": 0.007, "mark_price": 0.00692218, "iv": 68.36, "instrument_name": "BTC-31DEC21-48000-C", "index_price": 47083.07, "direction": "buy", "amount": 0.1}, {"trade_seq": 2884, "trade_id": "197091995", "timestamp": 1640848003865, "tick_direction": 0, "price": 0.007, "mark_price": 0.00692218, "iv": 68.36, "instrument_name": "BTC-31DEC21-48000-C", "index_price": 47083.07, "direction": "buy", "amount": 0.7}, {"trade_seq": 2883, "trade_id": "197090015", "timestamp": 1640846911860, "tick_direction": 1, "price": 0.006, "mark_price": 0.00596577, "iv": 66.81, "instrument_name": "BTC-31DEC21-48000-C", "index_price": 46946.85, "direction": "sell", "amount": 0.1}, {"trade_seq": 2882, "trade_id": "197089992", "timestamp": 1640846896670, "tick_direction": 0, "price": 0.006, "mark_price": 0.00597123, "iv": 66.64, "instrument_name": "BTC-31DEC21-48000-C", "index_price": 46943.46, "direction": "buy", "amount": 0.2}, {"trade_seq": 2881, "trade_id": "197072600", "timestamp": 1640830854129, "tick_direction": 2, "price": 0.0045, "mark_price": 0.00482565, "iv": 70.41, "instrument_name": "BTC-31DEC21-48000-C", "index_price": 46320.64, "direction": "sell", "amount": 0.2}, {"trade_seq": 2880, "trade_id": "197068548", "timestamp": 1640827247586, "tick_direction": 1, "price": 0.0065, "mark_price": 0.00656956, "iv": 72.0, "instrument_name": "BTC-31DEC21-48000-C", "index_price": 46641.89, "direction": "sell", "amount": 1.5}, {"trade_seq": 2879, "trade_id": "197068326", "timestamp": 1640826933803, "tick_direction": 1, "price": 0.0065, "mark_price": 0.00658836, "iv": 70.38, "instrument_name": "BTC-31DEC21-48000-C", "index_price": 46691.59, "direction": "buy", "amount": 0.5}, {"trade_seq": 2878, "trade_id": "197067186", "timestamp": 1640826084687, "tick_direction": 1, "price": 0.0065, "mark_price": 0.0061455, "iv": 73.98, "instrument_name": "BTC-31DEC21-48000-C", "index_price": 46559.96, "direction": "sell", "amount": 2.4}, {"trade_seq": 2877, "trade_id": "197067126", "timestamp": 1640826068864, "tick_direction": 1, "price": 0.0065, "mark_price": 0.00618022, "iv": 73.6, "instrument_name": "BTC-31DEC21-48000-C", "index_price": 46582.24, "direction": "sell", "amount": 2.2}, {"trade_seq": 2876, "trade_id": "197067051", "timestamp": 1640826066996, "tick_direction": 1, "price": 0.0065, "mark_price": 0.00641802, "iv": 72.35, "instrument_name": "BTC-31DEC21-48000-C", "index_price": 46621.31, "direction": "sell", "amount": 0.4}, {"trade_seq": 2875, "trade_id": "197067044", "timestamp": 1640826066939, "tick_direction": 1, "price": 0.0065, "mark_price": 0.00641802, "iv": 72.35, "instrument_name": "BTC-31DEC21-48000-C", "index_price": 46621.31, "direction": "sell", "amount": 0.1}, {"trade_seq": 2874, "trade_id": "197067022", "timestamp": 1640826066885, "tick_direction": 1, "price": 0.0065, "mark_price": 0.00641802, "iv": 72.35, "instrument_name": "BTC-31DEC21-48000-C", "index_price": 46621.31, "direction": "sell", "amount": 0.8}, {"trade_seq": 2873, "trade_id": "197062916", "timestamp": 1640824253008, "tick_direction": 1, "price": 0.0065, "mark_price": 0.00659839, "iv": 72.15, "instrument_name": "BTC-31DEC21-48000-C", "index_price": 46596.54, "direction": "buy", "amount": 0.5}, {"trade_seq": 2872, "trade_id": "197060738", "timestamp": 1640823886047, "tick_direction": 0, "price": 0.0065, "mark_price": 0.00675215, "iv": 72.88, "instrument_name": "BTC-31DEC21-48000-C", "index_price": 46557.64, "direction": "buy", "amount": 0.2}, {"trade_seq": 2871, "trade_id": "197060658", "timestamp": 1640823882187, "tick_direction": 1, "price": 0.006, "mark_price": 0.00668068, "iv": 70.76, "instrument_name": "BTC-31DEC21-48000-C", "index_price": 46538.68, "direction": "buy", "amount": 0.3}, {"trade_seq": 2870, "trade_id": "197060657", "timestamp": 1640823882184, "tick_direction": 0, "price": 0.006, "mark_price": 0.00668068, "iv": 70.76, "instrument_name": "BTC-31DEC21-48000-C", "index_price": 46538.68, "direction": "sell", "amount": 0.2}, {"trade_seq": 2869, "trade_id": "197058872", "timestamp": 1640823762452, "tick_direction": 1, "price": 0.005, "mark_price": 0.00490209, "iv": 75.26, "instrument_name": "BTC-31DEC21-48000-C", "index_price": 46158.18, "direction": "buy", "amount": 0.1}, {"trade_seq": 2868, "trade_id": "197058871", "timestamp": 1640823762449, "tick_direction": 1, "price": 0.005, "mark_price": 0.00490209, "iv": 75.26, "instrument_name": "BTC-31DEC21-48000-C", "index_price": 46158.18, "direction": "buy", "amount": 2.6}, {"trade_seq": 2867, "trade_id": "197058870", "timestamp": 1640823762449, "tick_direction": 1, "price": 0.005, "mark_price": 0.00490209, "iv": 75.26, "instrument_name": "BTC-31DEC21-48000-C", "index_price": 46158.18, "direction": "buy", "amount": 3.4}, {"trade_seq": 2866, "trade_id": "197058869", "timestamp": 1640823762449, "tick_direction": 0, "price": 0.005, "mark_price": 0.00490209, "iv": 75.26, "instrument_name": "BTC-31DEC21-48000-C", "index_price": 46158.18, "direction": "buy", "amount": 12.0}, {"trade_seq": 2865, "trade_id": "197058245", "timestamp": 1640823655163, "tick_direction": 3, "price": 0.0045, "mark_price": 0.00426019, "iv": 75.77, "instrument_name": "BTC-31DEC21-48000-C", "index_price": 46033.51, "direction": "buy", "amount": 0.2}, {"trade_seq": 2864, "trade_id": "197054551", "timestamp": 1640823431845, "tick_direction": 2, "price": 0.0045, "mark_price": 0.00455031, "iv": 73.4, "instrument_name": "BTC-31DEC21-48000-C", "index_price": 46127.34, "direction": "sell", "amount": 0.1}, {"trade_seq": 2863, "trade_id": "197050653", "timestamp": 1640822693953, "tick_direction": 0, "price": 0.006, "mark_price": 0.00557627, "iv": 73.89, "instrument_name": "BTC-31DEC21-48000-C", "index_price": 46425.84, "direction": "buy", "amount": 0.5}, {"trade_seq": 2862, "trade_id": "197049660", "timestamp": 1640822258201, "tick_direction": 3, "price": 0.005, "mark_price": 0.00582937, "iv": 67.27, "instrument_name": "BTC-31DEC21-48000-C", "index_price": 46477.05, "direction": "sell", "amount": 3.0}, {"trade_seq": 2861, "trade_id": "197049659", "timestamp": 1640822255136, "tick_direction": 3, "price": 0.005, "mark_price": 0.00580818, "iv": 67.38, "instrument_name": "BTC-31DEC21-48000-C", "index_price": 46471.76, "direction": "sell", "amount": 3.0}, {"trade_seq": 2860, "trade_id": "197046979", "timestamp": 1640821544617, "tick_direction": 3, "price": 0.005, "mark_price": 0.00475111, "iv": 74.92, "instrument_name": "BTC-31DEC21-48000-C", "index_price": 46166.02, "direction": "sell", "amount": 0.8}, {"trade_seq": 2859, "trade_id": "197046938", "timestamp": 1640821541534, "tick_direction": 3, "price": 0.005, "mark_price": 0.00477319, "iv": 74.79, "instrument_name": "BTC-31DEC21-48000-C", "index_price": 46170.19, "direction": "sell", "amount": 0.1}, {"trade_seq": 2858, "trade_id": "197046936", "timestamp": 1640821541526, "tick_direction": 3, "price": 0.005, "mark_price": 0.00477319, "iv": 74.79, "instrument_name": "BTC-31DEC21-48000-C", "index_price": 46170.19, "direction": "sell", "amount": 0.1}, {"trade_seq": 2857, "trade_id": "197046932", "timestamp": 1640821541509, "tick_direction": 2, "price": 0.005, "mark_price": 0.00477319, "iv": 74.79, "instrument_name": "BTC-31DEC21-48000-C", "index_price": 46170.19, "direction": "sell", "amount": 1.0}, {"trade_seq": 2856, "trade_id": "197043274", "timestamp": 1640820725312, "tick_direction": 3, "price": 0.0055, "mark_price": 0.00497963, "iv": 74.22, "instrument_name": "BTC-31DEC21-48000-C", "index_price": 46303.03, "direction": "sell", "amount": 0.2}, {"trade_seq": 2855, "trade_id": "197043260", "timestamp": 1640820724161, "tick_direction": 3, "price": 0.0055, "mark_price": 0.00503055, "iv": 73.91, "instrument_name": "BTC-31DEC21-48000-C", "index_price": 46314.6, "direction": "sell", "amount": 1.8}, {"trade_seq": 2854, "trade_id": "197043237", "timestamp": 1640820718254, "tick_direction": 3, "price": 0.0055, "mark_price": 0.00500485, "iv": 73.98, "instrument_name": "BTC-31DEC21-48000-C", "index_price": 46312.74, "direction": "sell", "amount": 1.0}, {"trade_seq": 2853, "trade_id": "197042979", "timestamp": 1640820679611, "tick_direction": 3, "price": 0.0055, "mark_price": 0.00503584, "iv": 73.33, "instrument_name": "BTC-31DEC21-48000-C", "index_price": 46325.83, "direction": "sell", "amount": 1.0}, {"trade_seq": 2852, "trade_id": "197042332", "timestamp": 1640820572140, "tick_direction": 3, "price": 0.0055, "mark_price": 0.00528187, "iv": 70.95, "instrument_name": "BTC-31DEC21-48000-C", "index_price": 46435.1, "direction": "buy", "amount": 5.0}, {"trade_seq": 2851, "trade_id": "197038106", "timestamp": 1640820133412, "tick_direction": 2, "price": 0.0055, "mark_price": 0.00497234, "iv": 70.38, "instrument_name": "BTC-31DEC21-48000-C", "index_price": 46448.97, "direction": "buy", "amount": 4.6}, {"trade_seq": 2850, "trade_id": "197031774", "timestamp": 1640819888598, "tick_direction": 3, "price": 0.009, "mark_price": 0.00886308, "iv": 67.02, "instrument_name": "BTC-31DEC21-48000-C", "index_price": 47137.76, "direction": "buy", "amount": 0.5}, {"trade_seq": 2849, "trade_id": "197030043", "timestamp": 1640818551473, "tick_direction": 3, "price": 0.009, "mark_price": 0.00969747, "iv": 63.7, "instrument_name": "BTC-31DEC21-48000-C", "index_price": 47221.31, "direction": "sell", "amount": 10.0}, {"trade_seq": 2848, "trade_id": "197030042", "timestamp": 1640818551473, "tick_direction": 2, "price": 0.009, "mark_price": 0.00969747, "iv": 63.7, "instrument_name": "BTC-31DEC21-48000-C", "index_price": 47221.31, "direction": "sell", "amount": 10.0}, {"trade_seq": 2847, "trade_id": "197027217", "timestamp": 1640815014129, "tick_direction": 2, "price": 0.0095, "mark_price": 0.00994875, "iv": 65.8, "instrument_name": "BTC-31DEC21-48000-C", "index_price": 47199.61, "direction": "sell", "amount": 0.1}, {"trade_seq": 2846, "trade_id": "197027005", "timestamp": 1640814754574, "tick_direction": 1, "price": 0.011, "mark_price": 0.01027368, "iv": 70.61, "instrument_name": "BTC-31DEC21-48000-C", "index_price": 47247.67, "direction": "buy", "amount": 2.0}, {"trade_seq": 2845, "trade_id": "197027004", "timestamp": 1640814754574, "tick_direction": 1, "price": 0.011, "mark_price": 0.01027368, "iv": 70.61, "instrument_name": "BTC-31DEC21-48000-C", "index_price": 47247.67, "direction": "buy", "amount": 0.1}, {"trade_seq": 2844, "trade_id": "197027003", "timestamp": 1640814754574, "tick_direction": 0, "price": 0.011, "mark_price": 0.01027368, "iv": 70.61, "instrument_name": "BTC-31DEC21-48000-C", "index_price": 47247.67, "direction": "buy", "amount": 2.5}, {"trade_seq": 2843, "trade_id": "197026252", "timestamp": 1640813918653, "tick_direction": 2, "price": 0.0095, "mark_price": 0.00983999, "iv": 66.48, "instrument_name": "BTC-31DEC21-48000-C", "index_price": 47173.62, "direction": "sell", "amount": 2.0}, {"trade_seq": 2842, "trade_id": "197023156", "timestamp": 1640811777316, "tick_direction": 2, "price": 0.011, "mark_price": 0.01118682, "iv": 67.06, "instrument_name": "BTC-31DEC21-48000-C", "index_price": 47318.42, "direction": "sell", "amount": 2.5}, {"trade_seq": 2841, "trade_id": "197021493", "timestamp": 1640810501463, "tick_direction": 0, "price": 0.0135, "mark_price": 0.01341321, "iv": 67.4, "instrument_name": "BTC-31DEC21-48000-C", "index_price": 47606.49, "direction": "buy", "amount": 1.0}, {"trade_seq": 2840, "trade_id": "197017596", "timestamp": 1640808438957, "tick_direction": 0, "price": 0.011, "mark_price": 0.01113517, "iv": 67.53, "instrument_name": "BTC-31DEC21-48000-C", "index_price": 47287.34, "direction": "sell", "amount": 0.8}, {"trade_seq": 2839, "trade_id": "197015862", "timestamp": 1640807445234, "tick_direction": 2, "price": 0.01, "mark_price": 0.01069256, "iv": 66.32, "instrument_name": "BTC-31DEC21-48000-C", "index_price": 47170.94, "direction": "sell", "amount": 20.0}, {"trade_seq": 2838, "trade_id": "197011816", "timestamp": 1640805705009, "tick_direction": 0, "price": 0.012, "mark_price": 0.01182431, "iv": 67.72, "instrument_name": "BTC-31DEC21-48000-C", "index_price": 47388.03, "direction": "buy", "amount": 0.2}, {"trade_seq": 2837, "trade_id": "197011506", "timestamp": 1640805537969, "tick_direction": 2, "price": 0.0115, "mark_price": 0.01152132, "iv": 67.25, "instrument_name": "BTC-31DEC21-48000-C", "index_price": 47338.76, "direction": "buy", "amount": 0.2}, {"trade_seq": 2836, "trade_id": "197008756", "timestamp": 1640803853833, "tick_direction": 2, "price": 0.0125, "mark_price": 0.01257341, "iv": 66.93, "instrument_name": "BTC-31DEC21-48000-C", "index_price": 47454.78, "direction": "sell", "amount": 0.2}, {"trade_seq": 2835, "trade_id": "197002932", "timestamp": 1640799404055, "tick_direction": 0, "price": 0.014, "mark_price": 0.01419276, "iv": 66.54, "instrument_name": "BTC-31DEC21-48000-C", "index_price": 47611.49, "direction": "buy", "amount": 0.1}, {"trade_seq": 2834, "trade_id": "197002685", "timestamp": 1640799174063, "tick_direction": 3, "price": 0.0135, "mark_price": 0.01423141, "iv": 65.39, "instrument_name": "BTC-31DEC21-48000-C", "index_price": 47584.38, "direction": "sell", "amount": 0.6}, {"trade_seq": 2833, "trade_id": "197002684", "timestamp": 1640799174063, "tick_direction": 3, "price": 0.0135, "mark_price": 0.01423141, "iv": 65.39, "instrument_name": "BTC-31DEC21-48000-C", "index_price": 47584.38, "direction": "sell", "amount": 6.0}, {"trade_seq": 2832, "trade_id": "197002683", "timestamp": 1640799174063, "tick_direction": 3, "price": 0.0135, "mark_price": 0.01423141, "iv": 65.39, "instrument_name": "BTC-31DEC21-48000-C", "index_price": 47584.38, "direction": "sell", "amount": 9.0}, {"trade_seq": 2831, "trade_id": "197002682", "timestamp": 1640799174063, "tick_direction": 2, "price": 0.0135, "mark_price": 0.01423141, "iv": 65.39, "instrument_name": "BTC-31DEC21-48000-C", "index_price": 47584.38, "direction": "sell", "amount": 0.4}, {"trade_seq": 2830, "trade_id": "197002099", "timestamp": 1640798879257, "tick_direction": 2, "price": 0.0145, "mark_price": 0.0150133, "iv": 66.03, "instrument_name": "BTC-31DEC21-48000-C", "index_price": 47674.51, "direction": "sell", "amount": 0.1}, {"trade_seq": 2829, "trade_id": "197001747", "timestamp": 1640798465038, "tick_direction": 1, "price": 0.015, "mark_price": 0.01511174, "iv": 67.01, "instrument_name": "BTC-31DEC21-48000-C", "index_price": 47693.88, "direction": "buy", "amount": 0.4}, {"trade_seq": 2828, "trade_id": "197001705", "timestamp": 1640798378136, "tick_direction": 0, "price": 0.015, "mark_price": 0.01499118, "iv": 67.58, "instrument_name": "BTC-31DEC21-48000-C", "index_price": 47678.3, "direction": "buy", "amount": 0.5}, {"trade_seq": 2827, "trade_id": "197001685", "timestamp": 1640798370118, "tick_direction": 3, "price": 0.0145, "mark_price": 0.01494802, "iv": 65.89, "instrument_name": "BTC-31DEC21-48000-C", "index_price": 47671.08, "direction": "sell", "amount": 0.4}, {"trade_seq": 2826, "trade_id": "197001684", "timestamp": 1640798370118, "tick_direction": 2, "price": 0.0145, "mark_price": 0.01494802, "iv": 65.89, "instrument_name": "BTC-31DEC21-48000-C", "index_price": 47671.08, "direction": "sell", "amount": 0.1}, {"trade_seq": 2825, "trade_id": "197000286", "timestamp": 1640796684666, "tick_direction": 3, "price": 0.015, "mark_price": 0.0152864, "iv": 67.03, "instrument_name": "BTC-31DEC21-48000-C", "index_price": 47685.71, "direction": "buy", "amount": 2.0}, {"trade_seq": 2824, "trade_id": "197000285", "timestamp": 1640796684456, "tick_direction": 3, "price": 0.015, "mark_price": 0.0152864, "iv": 67.03, "instrument_name": "BTC-31DEC21-48000-C", "index_price": 47685.71, "direction": "sell", "amount": 2.4}, {"trade_seq": 2823, "trade_id": "196998403", "timestamp": 1640795508224, "tick_direction": 3, "price": 0.015, "mark_price": 0.01545158, "iv": 66.69, "instrument_name": "BTC-31DEC21-48000-C", "index_price": 47693.77, "direction": "sell", "amount": 7.7}, {"trade_seq": 2822, "trade_id": "196998402", "timestamp": 1640795508224, "tick_direction": 3, "price": 0.015, "mark_price": 0.01545158, "iv": 66.69, "instrument_name": "BTC-31DEC21-48000-C", "index_price": 47693.77, "direction": "sell", "amount": 2.2}, {"trade_seq": 2821, "trade_id": "196998401", "timestamp": 1640795508224, "tick_direction": 2, "price": 0.015, "mark_price": 0.01545158, "iv": 66.69, "instrument_name": "BTC-31DEC21-48000-C", "index_price": 47693.77, "direction": "sell", "amount": 0.1}, {"trade_seq": 2820, "trade_id": "196996580", "timestamp": 1640794353495, "tick_direction": 2, "price": 0.017, "mark_price": 0.01704179, "iv": 67.97, "instrument_name": "BTC-31DEC21-48000-C", "index_price": 47860.64, "direction": "buy", "amount": 0.1}, {"trade_seq": 2819, "trade_id": "196996156", "timestamp": 1640794212017, "tick_direction": 1, "price": 0.018, "mark_price": 0.01786758, "iv": 68.53, "instrument_name": "BTC-31DEC21-48000-C", "index_price": 47939.69, "direction": "sell", "amount": 0.3}, {"trade_seq": 2818, "trade_id": "196991856", "timestamp": 1640792162603, "tick_direction": 1, "price": 0.018, "mark_price": 0.01781675, "iv": 69.54, "instrument_name": "BTC-31DEC21-48000-C", "index_price": 47888.09, "direction": "sell", "amount": 0.5}, {"trade_seq": 2817, "trade_id": "196987341", "timestamp": 1640790332334, "tick_direction": 1, "price": 0.018, "mark_price": 0.01766708, "iv": 70.23, "instrument_name": "BTC-31DEC21-48000-C", "index_price": 47859.61, "direction": "buy", "amount": 0.1}, {"trade_seq": 2816, "trade_id": "196982590", "timestamp": 1640788871718, "tick_direction": 0, "price": 0.018, "mark_price": 0.01749054, "iv": 70.38, "instrument_name": "BTC-31DEC21-48000-C", "index_price": 47868.66, "direction": "buy", "amount": 2.1}, {"trade_seq": 2815, "trade_id": "196980002", "timestamp": 1640788563436, "tick_direction": 3, "price": 0.0165, "mark_price": 0.0171455, "iv": 66.24, "instrument_name": "BTC-31DEC21-48000-C", "index_price": 47791.65, "direction": "sell", "amount": 1.9}, {"trade_seq": 2814, "trade_id": "196980001", "timestamp": 1640788563436, "tick_direction": 2, "price": 0.0165, "mark_price": 0.0171455, "iv": 66.24, "instrument_name": "BTC-31DEC21-48000-C", "index_price": 47791.65, "direction": "sell", "amount": 0.1}, {"trade_seq": 2813, "trade_id": "196979680", "timestamp": 1640788519658, "tick_direction": 1, "price": 0.017, "mark_price": 0.01754151, "iv": 66.77, "instrument_name": "BTC-31DEC21-48000-C", "index_price": 47833.08, "direction": "sell", "amount": 0.1}, {"trade_seq": 2812, "trade_id": "196979679", "timestamp": 1640788519603, "tick_direction": 0, "price": 0.017, "mark_price": 0.01754151, "iv": 66.77, "instrument_name": "BTC-31DEC21-48000-C", "index_price": 47833.08, "direction": "sell", "amount": 0.1}, {"trade_seq": 2811, "trade_id": "196979305", "timestamp": 1640788499039, "tick_direction": 1, "price": 0.016, "mark_price": 0.01672649, "iv": 66.91, "instrument_name": "BTC-31DEC21-48000-C", "index_price": 47726.05, "direction": "sell", "amount": 2.9}, {"trade_seq": 2810, "trade_id": "196979304", "timestamp": 1640788499039, "tick_direction": 1, "price": 0.016, "mark_price": 0.01672649, "iv": 66.91, "instrument_name": "BTC-31DEC21-48000-C", "index_price": 47726.05, "direction": "sell", "amount": 2.4}, {"trade_seq": 2809, "trade_id": "196978943", "timestamp": 1640788476308, "tick_direction": 0, "price": 0.016, "mark_price": 0.01603865, "iv": 68.69, "instrument_name": "BTC-31DEC21-48000-C", "index_price": 47671.32, "direction": "sell", "amount": 0.4}, {"trade_seq": 2808, "trade_id": "196973965", "timestamp": 1640786420996, "tick_direction": 1, "price": 0.0145, "mark_price": 0.01394112, "iv": 71.3, "instrument_name": "BTC-31DEC21-48000-C", "index_price": 47422.03, "direction": "buy", "amount": 8.0}, {"trade_seq": 2807, "trade_id": "196973964", "timestamp": 1640786420996, "tick_direction": 1, "price": 0.0145, "mark_price": 0.01394112, "iv": 71.3, "instrument_name": "BTC-31DEC21-48000-C", "index_price": 47422.03, "direction": "buy", "amount": 1.0}, {"trade_seq": 2806, "trade_id": "196973963", "timestamp": 1640786420996, "tick_direction": 1, "price": 0.0145, "mark_price": 0.01394112, "iv": 71.3, "instrument_name": "BTC-31DEC21-48000-C", "index_price": 47422.03, "direction": "buy", "amount": 6.0}, {"trade_seq": 2805, "trade_id": "196973281", "timestamp": 1640786209895, "tick_direction": 1, "price": 0.0145, "mark_price": 0.01390882, "iv": 71.76, "instrument_name": "BTC-31DEC21-48000-C", "index_price": 47408.09, "direction": "buy", "amount": 2.9}, {"trade_seq": 2804, "trade_id": "196973280", "timestamp": 1640786209895, "tick_direction": 1, "price": 0.0145, "mark_price": 0.01390882, "iv": 71.76, "instrument_name": "BTC-31DEC21-48000-C", "index_price": 47408.09, "direction": "buy", "amount": 12.0}, {"trade_seq": 2803, "trade_id": "196973279", "timestamp": 1640786209895, "tick_direction": 0, "price": 0.0145, "mark_price": 0.01390882, "iv": 71.76, "instrument_name": "BTC-31DEC21-48000-C", "index_price": 47408.09, "direction": "buy", "amount": 0.1}, {"trade_seq": 2802, "trade_id": "196968468", "timestamp": 1640785438725, "tick_direction": 0, "price": 0.0095, "mark_price": 0.00954251, "iv": 66.98, "instrument_name": "BTC-31DEC21-48000-C", "index_price": 46907.33, "direction": "buy", "amount": 0.2}, {"trade_seq": 2801, "trade_id": "196966267", "timestamp": 1640784606141, "tick_direction": 1, "price": 0.0085, "mark_price": 0.0083512, "iv": 69.24, "instrument_name": "BTC-31DEC21-48000-C", "index_price": 46666.11, "direction": "buy", "amount": 3.9}, {"trade_seq": 2800, "trade_id": "196966266", "timestamp": 1640784606141, "tick_direction": 1, "price": 0.0085, "mark_price": 0.0083512, "iv": 69.24, "instrument_name": "BTC-31DEC21-48000-C", "index_price": 46666.11, "direction": "buy", "amount": 0.1}, {"trade_seq": 2799, "trade_id": "196966265", "timestamp": 1640784606141, "tick_direction": 1, "price": 0.0085, "mark_price": 0.0083512, "iv": 69.24, "instrument_name": "BTC-31DEC21-48000-C", "index_price": 46666.11, "direction": "buy", "amount": 2.7}, {"trade_seq": 2798, "trade_id": "196966225", "timestamp": 1640784597181, "tick_direction": 0, "price": 0.0085, "mark_price": 0.00820363, "iv": 69.87, "instrument_name": "BTC-31DEC21-48000-C", "index_price": 46652.58, "direction": "buy", "amount": 0.1}, {"trade_seq": 2797, "trade_id": "196965085", "timestamp": 1640784481407, "tick_direction": 3, "price": 0.008, "mark_price": 0.00858358, "iv": 66.15, "instrument_name": "BTC-31DEC21-48000-C", "index_price": 46710.72, "direction": "sell", "amount": 0.4}, {"trade_seq": 2796, "trade_id": "196965084", "timestamp": 1640784481407, "tick_direction": 3, "price": 0.008, "mark_price": 0.00858358, "iv": 66.15, "instrument_name": "BTC-31DEC21-48000-C", "index_price": 46710.72, "direction": "sell", "amount": 3.2}, {"trade_seq": 2795, "trade_id": "196965083", "timestamp": 1640784481407, "tick_direction": 3, "price": 0.008, "mark_price": 0.00858358, "iv": 66.15, "instrument_name": "BTC-31DEC21-48000-C", "index_price": 46710.72, "direction": "sell", "amount": 5.1}, {"trade_seq": 2794, "trade_id": "196965082", "timestamp": 1640784481407, "tick_direction": 2, "price": 0.008, "mark_price": 0.00858358, "iv": 66.15, "instrument_name": "BTC-31DEC21-48000-C", "index_price": 46710.72, "direction": "sell", "amount": 11.3}, {"trade_seq": 2793, "trade_id": "196963673", "timestamp": 1640784167271, "tick_direction": 3, "price": 0.009, "mark_price": 0.0086476, "iv": 69.85, "instrument_name": "BTC-31DEC21-48000-C", "index_price": 46720.05, "direction": "buy", "amount": 3.0}, {"trade_seq": 2792, "trade_id": "196963672", "timestamp": 1640784167271, "tick_direction": 3, "price": 0.009, "mark_price": 0.0086476, "iv": 69.85, "instrument_name": "BTC-31DEC21-48000-C", "index_price": 46720.05, "direction": "buy", "amount": 2.1}, {"trade_seq": 2791, "trade_id": "196962934", "timestamp": 1640784084111, "tick_direction": 2, "price": 0.009, "mark_price": 0.00904267, "iv": 68.05, "instrument_name": "BTC-31DEC21-48000-C", "index_price": 46778.71, "direction": "buy", "amount": 2.1}, {"trade_seq": 2790, "trade_id": "196961049", "timestamp": 1640783492749, "tick_direction": 0, "price": 0.0105, "mark_price": 0.01008078, "iv": 70.39, "instrument_name": "BTC-31DEC21-48000-C", "index_price": 46916.76, "direction": "buy", "amount": 2.0}, {"trade_seq": 2789, "trade_id": "196960544", "timestamp": 1640783324336, "tick_direction": 0, "price": 0.01, "mark_price": 0.00996655, "iv": 68.98, "instrument_name": "BTC-31DEC21-48000-C", "index_price": 46905.68, "direction": "buy", "amount": 2.1}, {"trade_seq": 2788, "trade_id": "196958567", "timestamp": 1640782582807, "tick_direction": 3, "price": 0.0095, "mark_price": 0.00973806, "iv": 67.38, "instrument_name": "BTC-31DEC21-48000-C", "index_price": 46872.42, "direction": "sell", "amount": 3.9}, {"trade_seq": 2787, "trade_id": "196958566", "timestamp": 1640782582807, "tick_direction": 3, "price": 0.0095, "mark_price": 0.00973806, "iv": 67.38, "instrument_name": "BTC-31DEC21-48000-C", "index_price": 46872.42, "direction": "sell", "amount": 11.0}, {"trade_seq": 2786, "trade_id": "196958565", "timestamp": 1640782582807, "tick_direction": 3, "price": 0.0095, "mark_price": 0.00973806, "iv": 67.38, "instrument_name": "BTC-31DEC21-48000-C", "index_price": 46872.42, "direction": "sell", "amount": 2.7}, {"trade_seq": 2785, "trade_id": "196958564", "timestamp": 1640782581932, "tick_direction": 2, "price": 0.0095, "mark_price": 0.00973576, "iv": 67.39, "instrument_name": "BTC-31DEC21-48000-C", "index_price": 46873.19, "direction": "sell", "amount": 0.4}, {"trade_seq": 2784, "trade_id": "196956591", "timestamp": 1640782088127, "tick_direction": 1, "price": 0.01, "mark_price": 0.01000167, "iv": 66.89, "instrument_name": "BTC-31DEC21-48000-C", "index_price": 46955.56, "direction": "buy", "amount": 2.3}, {"trade_seq": 2783, "trade_id": "196956572", "timestamp": 1640782079981, "tick_direction": 1, "price": 0.01, "mark_price": 0.01001367, "iv": 67.02, "instrument_name": "BTC-31DEC21-48000-C", "index_price": 46951.51, "direction": "buy", "amount": 1.7}, {"trade_seq": 2782, "trade_id": "196956531", "timestamp": 1640782073892, "tick_direction": 0, "price": 0.01, "mark_price": 0.00992029, "iv": 67.48, "instrument_name": "BTC-31DEC21-48000-C", "index_price": 46935.14, "direction": "buy", "amount": 1.0}, {"trade_seq": 2781, "trade_id": "196954845", "timestamp": 1640781477691, "tick_direction": 1, "price": 0.0095, "mark_price": 0.00964842, "iv": 66.63, "instrument_name": "BTC-31DEC21-48000-C", "index_price": 46900.64, "direction": "sell", "amount": 0.3}, {"trade_seq": 2780, "trade_id": "196954737", "timestamp": 1640781433412, "tick_direction": 1, "price": 0.0095, "mark_price": 0.00948041, "iv": 67.19, "instrument_name": "BTC-31DEC21-48000-C", "index_price": 46878.8, "direction": "buy", "amount": 0.9}, {"trade_seq": 2779, "trade_id": "196954731", "timestamp": 1640781432665, "tick_direction": 1, "price": 0.0095, "mark_price": 0.00947693, "iv": 67.2, "instrument_name": "BTC-31DEC21-48000-C", "index_price": 46877.05, "direction": "buy", "amount": 1.6}, {"trade_seq": 2778, "trade_id": "196954692", "timestamp": 1640781418087, "tick_direction": 0, "price": 0.0095, "mark_price": 0.00937704, "iv": 67.4, "instrument_name": "BTC-31DEC21-48000-C", "index_price": 46870.96, "direction": "buy", "amount": 2.5}, {"trade_seq": 2777, "trade_id": "196953986", "timestamp": 1640781186968, "tick_direction": 3, "price": 0.009, "mark_price": 0.0089072, "iv": 67.52, "instrument_name": "BTC-31DEC21-48000-C", "index_price": 46781.32, "direction": "sell", "amount": 1.0}, {"trade_seq": 2776, "trade_id": "196953976", "timestamp": 1640781184921, "tick_direction": 3, "price": 0.009, "mark_price": 0.00901195, "iv": 67.09, "instrument_name": "BTC-31DEC21-48000-C", "index_price": 46800.12, "direction": "sell", "amount": 0.1}, {"trade_seq": 2775, "trade_id": "196953975", "timestamp": 1640781184893, "tick_direction": 3, "price": 0.009, "mark_price": 0.00901195, "iv": 67.09, "instrument_name": "BTC-31DEC21-48000-C", "index_price": 46800.12, "direction": "sell", "amount": 0.1}, {"trade_seq": 2774, "trade_id": "196953973", "timestamp": 1640781184863, "tick_direction": 3, "price": 0.009, "mark_price": 0.00901195, "iv": 67.09, "instrument_name": "BTC-31DEC21-48000-C", "index_price": 46800.12, "direction": "sell", "amount": 0.8}, {"trade_seq": 2773, "trade_id": "196953022", "timestamp": 1640781028975, "tick_direction": 2, "price": 0.009, "mark_price": 0.00920654, "iv": 66.17, "instrument_name": "BTC-31DEC21-48000-C", "index_price": 46838.57, "direction": "buy", "amount": 0.4}, {"trade_seq": 2772, "trade_id": "196950902", "timestamp": 1640780736213, "tick_direction": 2, "price": 0.0095, "mark_price": 0.00953823, "iv": 66.69, "instrument_name": "BTC-31DEC21-48000-C", "index_price": 46881.12, "direction": "sell", "amount": 2.0}, {"trade_seq": 2771, "trade_id": "196950814", "timestamp": 1640780706818, "tick_direction": 3, "price": 0.01, "mark_price": 0.00985111, "iv": 67.39, "instrument_name": "BTC-31DEC21-48000-C", "index_price": 46927.62, "direction": "buy", "amount": 1.0}, {"trade_seq": 2770, "trade_id": "196948664", "timestamp": 1640780298294, "tick_direction": 3, "price": 0.01, "mark_price": 0.00950836, "iv": 68.55, "instrument_name": "BTC-31DEC21-48000-C", "index_price": 46880.95, "direction": "buy", "amount": 11.2}, {"trade_seq": 2769, "trade_id": "196948663", "timestamp": 1640780298294, "tick_direction": 3, "price": 0.01, "mark_price": 0.00950836, "iv": 68.55, "instrument_name": "BTC-31DEC21-48000-C", "index_price": 46880.95, "direction": "buy", "amount": 2.3}, {"trade_seq": 2768, "trade_id": "196948357", "timestamp": 1640780248588, "tick_direction": 3, "price": 0.01, "mark_price": 0.00964789, "iv": 67.94, "instrument_name": "BTC-31DEC21-48000-C", "index_price": 46898.08, "direction": "buy", "amount": 11.4}, {"trade_seq": 2767, "trade_id": "196948327", "timestamp": 1640780238924, "tick_direction": 3, "price": 0.01, "mark_price": 0.00976679, "iv": 67.47, "instrument_name": "BTC-31DEC21-48000-C", "index_price": 46917.18, "direction": "buy", "amount": 1.0}, {"trade_seq": 2766, "trade_id": "196948326", "timestamp": 1640780238798, "tick_direction": 3, "price": 0.01, "mark_price": 0.00976679, "iv": 67.47, "instrument_name": "BTC-31DEC21-48000-C", "index_price": 46917.18, "direction": "buy", "amount": 0.1}, {"trade_seq": 2765, "trade_id": "196948252", "timestamp": 1640780217218, "tick_direction": 2, "price": 0.01, "mark_price": 0.00974701, "iv": 67.55, "instrument_name": "BTC-31DEC21-48000-C", "index_price": 46908.64, "direction": "buy", "amount": 0.1}