{"trades": [{"trade_seq": 739, "trade_id": "195418293", "timestamp": 1639695225887, "tick_direction": 2, "price": 0.3165, "mark_price": 0.33601401, "iv": 0.0, "instrument_name": "BTC-31DEC21-32000-C", "index_price": 47869.93, "direction": "sell", "amount": 0.8}, {"trade_seq": 738, "trade_id": "194476091", "timestamp": 1639143337265, "tick_direction": 0, "price": 0.3645, "mark_price": 0.36344707, "iv": 113.98, "instrument_name": "BTC-31DEC21-32000-C", "index_price": 49742.19, "direction": "buy", "amount": 5.8}, {"trade_seq": 737, "trade_id": "194443743", "timestamp": 1639123699233, "tick_direction": 2, "price": 0.338, "mark_price": 0.33866972, "iv": 104.33, "instrument_name": "BTC-31DEC21-32000-C", "index_price": 47775.93, "direction": "buy", "amount": 0.1}, {"trade_seq": 736, "trade_id": "193446316", "timestamp": 1638645303406, "tick_direction": 0, "price": 0.354, "mark_price": 0.35388276, "iv": 102.72, "instrument_name": "BTC-31DEC21-32000-C", "index_price": 49022.87, "direction": "buy", "amount": 0.1}, {"trade_seq": 735, "trade_id": "193149933", "timestamp": 1638594288493, "tick_direction": 0, "price": 0.33, "mark_price": 0.33712114, "iv": 0.0, "instrument_name": "BTC-31DEC21-32000-C", "index_price": 48286.52, "direction": "sell", "amount": 2.1}, {"trade_seq": 734, "trade_id": "193149793", "timestamp": 1638594287044, "tick_direction": 3, "price": 0.3295, "mark_price": 0.33695059, "iv": 0.0, "instrument_name": "BTC-31DEC21-32000-C", "index_price": 48257.18, "direction": "sell", "amount": 1.9}, {"trade_seq": 733, "trade_id": "193149791", "timestamp": 1638594287026, "tick_direction": 2, "price": 0.3295, "mark_price": 0.33695059, "iv": 0.0, "instrument_name": "BTC-31DEC21-32000-C", "index_price": 48257.18, "direction": "sell", "amount": 4.6}, {"trade_seq": 732, "trade_id": "193105135", "timestamp": 1638586788382, "tick_direction": 0, "price": 0.403, "mark_price": 0.40313421, "iv": 103.87, "instrument_name": "BTC-31DEC21-32000-C", "index_price": 53123.11, "direction": "buy", "amount": 0.2}, {"trade_seq": 731, "trade_id": "193029925", "timestamp": 1638562767619, "tick_direction": 2, "price": 0.3875, "mark_price": 0.39196651, "iv": 0.0, "instrument_name": "BTC-31DEC21-32000-C", "index_price": 51885.98, "direction": "sell", "amount": 1.4}, {"trade_seq": 730, "trade_id": "192916448", "timestamp": 1638536279212, "tick_direction": 2, "price": 0.4425, "mark_price": 0.44270352, "iv": 104.91, "instrument_name": "BTC-31DEC21-32000-C", "index_price": 56836.47, "direction": "buy", "amount": 1.2}, {"trade_seq": 729, "trade_id": "192280784", "timestamp": 1638188712177, "tick_direction": 2, "price": 0.4465, "mark_price": 0.44572854, "iv": 107.76, "instrument_name": "BTC-31DEC21-32000-C", "index_price": 56983.99, "direction": "sell", "amount": 0.1}, {"trade_seq": 728, "trade_id": "190934836", "timestamp": 1637544666848, "tick_direction": 3, "price": 0.4595, "mark_price": 0.4599113, "iv": 104.47, "instrument_name": "BTC-31DEC21-32000-C", "index_price": 58095.55, "direction": "buy", "amount": 0.2}, {"trade_seq": 727, "trade_id": "190934757", "timestamp": 1637544568163, "tick_direction": 3, "price": 0.4595, "mark_price": 0.45989366, "iv": 105.13, "instrument_name": "BTC-31DEC21-32000-C", "index_price": 58069.08, "direction": "buy", "amount": 1.4}, {"trade_seq": 726, "trade_id": "190934751", "timestamp": 1637544565937, "tick_direction": 3, "price": 0.4595, "mark_price": 0.45976298, "iv": 105.41, "instrument_name": "BTC-31DEC21-32000-C", "index_price": 58060.46, "direction": "buy", "amount": 2.8}, {"trade_seq": 725, "trade_id": "190934696", "timestamp": 1637544492662, "tick_direction": 3, "price": 0.4595, "mark_price": 0.45967225, "iv": 106.3, "instrument_name": "BTC-31DEC21-32000-C", "index_price": 58055.46, "direction": "buy", "amount": 1.5}, {"trade_seq": 724, "trade_id": "190934693", "timestamp": 1637544482395, "tick_direction": 2, "price": 0.4595, "mark_price": 0.45965955, "iv": 106.34, "instrument_name": "BTC-31DEC21-32000-C", "index_price": 58057.85, "direction": "buy", "amount": 0.1}, {"trade_seq": 723, "trade_id": "190930456", "timestamp": 1637542413884, "tick_direction": 2, "price": 0.461, "mark_price": 0.46132793, "iv": 104.07, "instrument_name": "BTC-31DEC21-32000-C", "index_price": 58267.08, "direction": "buy", "amount": 1.5}, {"trade_seq": 722, "trade_id": "190317802", "timestamp": 1637192890603, "tick_direction": 2, "price": 0.48, "mark_price": 0.48012513, "iv": 111.15, "instrument_name": "BTC-31DEC21-32000-C", "index_price": 60180.97, "direction": "buy", "amount": 1.0}, {"trade_seq": 721, "trade_id": "188107634", "timestamp": 1636039462838, "tick_direction": 2, "price": 0.492, "mark_price": 0.49250878, "iv": 100.04, "instrument_name": "BTC-31DEC21-32000-C", "index_price": 61005.92, "direction": "buy", "amount": 0.1}, {"trade_seq": 720, "trade_id": "188041777", "timestamp": 1636012318539, "tick_direction": 2, "price": 0.5005, "mark_price": 0.50314019, "iv": 92.1, "instrument_name": "BTC-31DEC21-32000-C", "index_price": 62092.02, "direction": "sell", "amount": 1.0}, {"trade_seq": 719, "trade_id": "187929084", "timestamp": 1635949442896, "tick_direction": 0, "price": 0.501, "mark_price": 0.50159425, "iv": 101.62, "instrument_name": "BTC-31DEC21-32000-C", "index_price": 61998.09, "direction": "buy", "amount": 0.1}, {"trade_seq": 718, "trade_id": "187221022", "timestamp": 1635498106435, "tick_direction": 0, "price": 0.4995, "mark_price": 0.49714484, "iv": 108.54, "instrument_name": "BTC-31DEC21-32000-C", "index_price": 60913.52, "direction": "sell", "amount": 0.8}, {"trade_seq": 717, "trade_id": "186811410", "timestamp": 1635348230950, "tick_direction": 0, "price": 0.4795, "mark_price": 0.47978335, "iv": 101.27, "instrument_name": "BTC-31DEC21-32000-C", "index_price": 59102.55, "direction": "buy", "amount": 0.1}, {"trade_seq": 716, "trade_id": "186802979", "timestamp": 1635344710584, "tick_direction": 0, "price": 0.478, "mark_price": 0.47812672, "iv": 101.09, "instrument_name": "BTC-31DEC21-32000-C", "index_price": 58973.34, "direction": "buy", "amount": 0.1}, {"trade_seq": 715, "trade_id": "186802506", "timestamp": 1635344522159, "tick_direction": 2, "price": 0.477, "mark_price": 0.47715625, "iv": 101.1, "instrument_name": "BTC-31DEC21-32000-C", "index_price": 58834.89, "direction": "buy", "amount": 0.1}, {"trade_seq": 714, "trade_id": "186801394", "timestamp": 1635344031048, "tick_direction": 2, "price": 0.478, "mark_price": 0.47854815, "iv": 100.42, "instrument_name": "BTC-31DEC21-32000-C", "index_price": 58980.44, "direction": "buy", "amount": 0.1}, {"trade_seq": 713, "trade_id": "186051710", "timestamp": 1634919354737, "tick_direction": 2, "price": 0.4905, "mark_price": 0.49043988, "iv": 100.27, "instrument_name": "BTC-31DEC21-32000-C", "index_price": 60075.96, "direction": "buy", "amount": 0.1}, {"trade_seq": 712, "trade_id": "186051071", "timestamp": 1634919291839, "tick_direction": 2, "price": 0.491, "mark_price": 0.49114966, "iv": 99.66, "instrument_name": "BTC-31DEC21-32000-C", "index_price": 60177.87, "direction": "buy", "amount": 0.1}, {"trade_seq": 711, "trade_id": "186027975", "timestamp": 1634915620159, "tick_direction": 2, "price": 0.501, "mark_price": 0.50148431, "iv": 99.21, "instrument_name": "BTC-31DEC21-32000-C", "index_price": 61457.07, "direction": "buy", "amount": 0.1}, {"trade_seq": 710, "trade_id": "185829608", "timestamp": 1634838130293, "tick_direction": 2, "price": 0.5135, "mark_price": 0.51381941, "iv": 103.39, "instrument_name": "BTC-31DEC21-32000-C", "index_price": 62796.76, "direction": "buy", "amount": 0.1}, {"trade_seq": 709, "trade_id": "185340934", "timestamp": 1634711755745, "tick_direction": 0, "price": 0.52, "mark_price": 0.5203717, "iv": 103.68, "instrument_name": "BTC-31DEC21-32000-C", "index_price": 63787.09, "direction": "buy", "amount": 0.3}, {"trade_seq": 708, "trade_id": "185251077", "timestamp": 1634660323128, "tick_direction": 0, "price": 0.51, "mark_price": 0.51085078, "iv": 101.29, "instrument_name": "BTC-31DEC21-32000-C", "index_price": 62499.1, "direction": "buy", "amount": 0.1}, {"trade_seq": 707, "trade_id": "184893073", "timestamp": 1634498209184, "tick_direction": 2, "price": 0.495, "mark_price": 0.49608354, "iv": 98.06, "instrument_name": "BTC-31DEC21-32000-C", "index_price": 60738.48, "direction": "buy", "amount": 0.9}, {"trade_seq": 706, "trade_id": "184540218", "timestamp": 1634306127500, "tick_direction": 0, "price": 0.5, "mark_price": 0.49967093, "iv": 110.55, "instrument_name": "BTC-31DEC21-32000-C", "index_price": 60124.58, "direction": "buy", "amount": 1.0}, {"trade_seq": 705, "trade_id": "183902879", "timestamp": 1633996719367, "tick_direction": 0, "price": 0.4735, "mark_price": 0.4747043, "iv": 99.03, "instrument_name": "BTC-31DEC21-32000-C", "index_price": 57466.73, "direction": "buy", "amount": 0.1}, {"trade_seq": 704, "trade_id": "183902862", "timestamp": 1633996707797, "tick_direction": 0, "price": 0.4725, "mark_price": 0.47470896, "iv": 97.26, "instrument_name": "BTC-31DEC21-32000-C", "index_price": 57462.08, "direction": "buy", "amount": 0.1}, {"trade_seq": 703, "trade_id": "183902725", "timestamp": 1633996653591, "tick_direction": 2, "price": 0.47, "mark_price": 0.4743454, "iv": 93.14, "instrument_name": "BTC-31DEC21-32000-C", "index_price": 57423.47, "direction": "buy", "amount": 0.1}, {"trade_seq": 702, "trade_id": "183863070", "timestamp": 1633965656005, "tick_direction": 1, "price": 0.474, "mark_price": 0.47351775, "iv": 101.26, "instrument_name": "BTC-31DEC21-32000-C", "index_price": 57325.9, "direction": "sell", "amount": 1.0}, {"trade_seq": 701, "trade_id": "183863069", "timestamp": 1633965656003, "tick_direction": 1, "price": 0.474, "mark_price": 0.47351775, "iv": 101.26, "instrument_name": "BTC-31DEC21-32000-C", "index_price": 57325.9, "direction": "sell", "amount": 0.4}, {"trade_seq": 700, "trade_id": "183863065", "timestamp": 1633965655117, "tick_direction": 1, "price": 0.474, "mark_price": 0.47351775, "iv": 101.21, "instrument_name": "BTC-31DEC21-32000-C", "index_price": 57329.64, "direction": "sell", "amount": 0.5}, {"trade_seq": 699, "trade_id": "183863064", "timestamp": 1633965655114, "tick_direction": 0, "price": 0.474, "mark_price": 0.47351775, "iv": 101.21, "instrument_name": "BTC-31DEC21-32000-C", "index_price": 57329.64, "direction": "sell", "amount": 0.8}, {"trade_seq": 698, "trade_id": "183720022", "timestamp": 1633897597130, "tick_direction": 1, "price": 0.465, "mark_price": 0.46434511, "iv": 98.36, "instrument_name": "BTC-31DEC21-32000-C", "index_price": 56420.61, "direction": "buy", "amount": 0.5}, {"trade_seq": 697, "trade_id": "183720018", "timestamp": 1633897597068, "tick_direction": 0, "price": 0.465, "mark_price": 0.46434511, "iv": 98.36, "instrument_name": "BTC-31DEC21-32000-C", "index_price": 56420.61, "direction": "buy", "amount": 0.5}, {"trade_seq": 696, "trade_id": "183610477", "timestamp": 1633803519433, "tick_direction": 1, "price": 0.4495, "mark_price": 0.44876073, "iv": 96.99, "instrument_name": "BTC-31DEC21-32000-C", "index_price": 54874.07, "direction": "sell", "amount": 2.0}, {"trade_seq": 695, "trade_id": "183610476", "timestamp": 1633803519432, "tick_direction": 0, "price": 0.4495, "mark_price": 0.44876073, "iv": 96.99, "instrument_name": "BTC-31DEC21-32000-C", "index_price": 54874.07, "direction": "sell", "amount": 1.7}, {"trade_seq": 694, "trade_id": "183610348", "timestamp": 1633803295294, "tick_direction": 1, "price": 0.4485, "mark_price": 0.44849521, "iv": 95.85, "instrument_name": "BTC-31DEC21-32000-C", "index_price": 54850.39, "direction": "sell", "amount": 1.3}, {"trade_seq": 693, "trade_id": "183610346", "timestamp": 1633803295168, "tick_direction": 0, "price": 0.4485, "mark_price": 0.44849521, "iv": 95.85, "instrument_name": "BTC-31DEC21-32000-C", "index_price": 54850.39, "direction": "sell", "amount": 1.0}, {"trade_seq": 692, "trade_id": "182844459", "timestamp": 1633394493015, "tick_direction": 0, "price": 0.4, "mark_price": 0.39922796, "iv": 95.88, "instrument_name": "BTC-31DEC21-32000-C", "index_price": 49530.93, "direction": "buy", "amount": 0.3}, {"trade_seq": 691, "trade_id": "181956919", "timestamp": 1632858643672, "tick_direction": 2, "price": 0.306, "mark_price": 0.30737395, "iv": 90.11, "instrument_name": "BTC-31DEC21-32000-C", "index_price": 41486.99, "direction": "buy", "amount": 0.3}, {"trade_seq": 690, "trade_id": "181727272", "timestamp": 1632705071537, "tick_direction": 0, "price": 0.33, "mark_price": 0.3381386, "iv": 84.66, "instrument_name": "BTC-31DEC21-32000-C", "index_price": 43905.79, "direction": "buy", "amount": 1.0}, {"trade_seq": 689, "trade_id": "180886770", "timestamp": 1632323499447, "tick_direction": 2, "price": 0.329, "mark_price": 0.32582551, "iv": 93.09, "instrument_name": "BTC-31DEC21-32000-C", "index_price": 42599.87, "direction": "buy", "amount": 0.3}, {"trade_seq": 688, "trade_id": "177716365", "timestamp": 1630672326330, "tick_direction": 0, "price": 0.4335, "mark_price": 0.43336966, "iv": 97.23, "instrument_name": "BTC-31DEC21-32000-C", "index_price": 50671.18, "direction": "buy", "amount": 9.0}, {"trade_seq": 687, "trade_id": "175788337", "timestamp": 1629485201033, "tick_direction": 0, "price": 0.42, "mark_price": 0.41952164, "iv": 96.5, "instrument_name": "BTC-31DEC21-32000-C", "index_price": 48496.77, "direction": "buy", "amount": 2.0}, {"trade_seq": 686, "trade_id": "175761412", "timestamp": 1629473494046, "tick_direction": 0, "price": 0.4155, "mark_price": 0.42097528, "iv": 93.59, "instrument_name": "BTC-31DEC21-32000-C", "index_price": 48358.89, "direction": "sell", "amount": 2.0}, {"trade_seq": 685, "trade_id": "175068544", "timestamp": 1629115156478, "tick_direction": 3, "price": 0.415, "mark_price": 0.41563527, "iv": 97.56, "instrument_name": "BTC-31DEC21-32000-C", "index_price": 47545.32, "direction": "buy", "amount": 0.4}, {"trade_seq": 684, "trade_id": "175068538", "timestamp": 1629115143966, "tick_direction": 3, "price": 0.415, "mark_price": 0.41566063, "iv": 97.55, "instrument_name": "BTC-31DEC21-32000-C", "index_price": 47543.88, "direction": "buy", "amount": 0.6}, {"trade_seq": 683, "trade_id": "175068459", "timestamp": 1629114955253, "tick_direction": 3, "price": 0.415, "mark_price": 0.41534546, "iv": 97.77, "instrument_name": "BTC-31DEC21-32000-C", "index_price": 47506.87, "direction": "buy", "amount": 0.4}, {"trade_seq": 682, "trade_id": "175068443", "timestamp": 1629114905563, "tick_direction": 2, "price": 0.415, "mark_price": 0.41528726, "iv": 97.82, "instrument_name": "BTC-31DEC21-32000-C", "index_price": 47497.02, "direction": "buy", "amount": 0.6}, {"trade_seq": 681, "trade_id": "175020721", "timestamp": 1629079454220, "tick_direction": 3, "price": 0.4175, "mark_price": 0.4182889, "iv": 97.49, "instrument_name": "BTC-31DEC21-32000-C", "index_price": 47737.64, "direction": "buy", "amount": 0.3}, {"trade_seq": 680, "trade_id": "175020720", "timestamp": 1629079454220, "tick_direction": 2, "price": 0.4175, "mark_price": 0.4182889, "iv": 97.49, "instrument_name": "BTC-31DEC21-32000-C", "index_price": 47737.64, "direction": "buy", "amount": 0.4}, {"trade_seq": 679, "trade_id": "175020649", "timestamp": 1629079368300, "tick_direction": 1, "price": 0.418, "mark_price": 0.41832929, "iv": 97.84, "instrument_name": "BTC-31DEC21-32000-C", "index_price": 47733.6, "direction": "buy", "amount": 0.1}, {"trade_seq": 678, "trade_id": "175020648", "timestamp": 1629079368223, "tick_direction": 1, "price": 0.418, "mark_price": 0.41832929, "iv": 97.84, "instrument_name": "BTC-31DEC21-32000-C", "index_price": 47733.6, "direction": "buy", "amount": 0.1}, {"trade_seq": 677, "trade_id": "175020504", "timestamp": 1629079298910, "tick_direction": 1, "price": 0.418, "mark_price": 0.41824954, "iv": 97.91, "instrument_name": "BTC-31DEC21-32000-C", "index_price": 47721.27, "direction": "buy", "amount": 0.1}, {"trade_seq": 676, "trade_id": "175012922", "timestamp": 1629074475972, "tick_direction": 1, "price": 0.418, "mark_price": 0.41846026, "iv": 97.96, "instrument_name": "BTC-31DEC21-32000-C", "index_price": 47751.23, "direction": "buy", "amount": 0.1}, {"trade_seq": 675, "trade_id": "175012916", "timestamp": 1629074473193, "tick_direction": 1, "price": 0.418, "mark_price": 0.41841185, "iv": 97.96, "instrument_name": "BTC-31DEC21-32000-C", "index_price": 47750.9, "direction": "buy", "amount": 0.1}, {"trade_seq": 674, "trade_id": "175012915", "timestamp": 1629074473179, "tick_direction": 1, "price": 0.418, "mark_price": 0.41841185, "iv": 97.96, "instrument_name": "BTC-31DEC21-32000-C", "index_price": 47750.9, "direction": "buy", "amount": 0.1}, {"trade_seq": 673, "trade_id": "175012875", "timestamp": 1629074461225, "tick_direction": 1, "price": 0.418, "mark_price": 0.41850573, "iv": 97.94, "instrument_name": "BTC-31DEC21-32000-C", "index_price": 47751.74, "direction": "buy", "amount": 0.1}, {"trade_seq": 672, "trade_id": "175012870", "timestamp": 1629074455584, "tick_direction": 1, "price": 0.418, "mark_price": 0.41851651, "iv": 97.92, "instrument_name": "BTC-31DEC21-32000-C", "index_price": 47752.37, "direction": "buy", "amount": 0.1}, {"trade_seq": 671, "trade_id": "175012869", "timestamp": 1629074455580, "tick_direction": 1, "price": 0.418, "mark_price": 0.41851651, "iv": 97.92, "instrument_name": "BTC-31DEC21-32000-C", "index_price": 47752.37, "direction": "buy", "amount": 0.1}, {"trade_seq": 670, "trade_id": "175012866", "timestamp": 1629074454464, "tick_direction": 1, "price": 0.418, "mark_price": 0.41843761, "iv": 97.98, "instrument_name": "BTC-31DEC21-32000-C", "index_price": 47744.93, "direction": "buy", "amount": 0.1}, {"trade_seq": 669, "trade_id": "175012863", "timestamp": 1629074448613, "tick_direction": 1, "price": 0.418, "mark_price": 0.41842585, "iv": 97.99, "instrument_name": "BTC-31DEC21-32000-C", "index_price": 47740.58, "direction": "buy", "amount": 0.1}, {"trade_seq": 668, "trade_id": "175012860", "timestamp": 1629074448137, "tick_direction": 1, "price": 0.418, "mark_price": 0.4184311, "iv": 97.99, "instrument_name": "BTC-31DEC21-32000-C", "index_price": 47740.58, "direction": "buy", "amount": 0.1}, {"trade_seq": 667, "trade_id": "175012858", "timestamp": 1629074445759, "tick_direction": 0, "price": 0.418, "mark_price": 0.41840989, "iv": 98.0, "instrument_name": "BTC-31DEC21-32000-C", "index_price": 47731.17, "direction": "buy", "amount": 0.1}, {"trade_seq": 666, "trade_id": "174687648", "timestamp": 1628885417135, "tick_direction": 0, "price": 0.4175, "mark_price": 0.41715614, "iv": 98.02, "instrument_name": "BTC-31DEC21-32000-C", "index_price": 47441.12, "direction": "buy", "amount": 1.0}, {"trade_seq": 665, "trade_id": "174668558", "timestamp": 1628879878253, "tick_direction": 1, "price": 0.408, "mark_price": 0.40862637, "iv": 97.1, "instrument_name": "BTC-31DEC21-32000-C", "index_price": 46597.76, "direction": "buy", "amount": 0.1}, {"trade_seq": 664, "trade_id": "174668557", "timestamp": 1628879873507, "tick_direction": 1, "price": 0.408, "mark_price": 0.40861697, "iv": 97.11, "instrument_name": "BTC-31DEC21-32000-C", "index_price": 46597.47, "direction": "buy", "amount": 0.2}, {"trade_seq": 663, "trade_id": "174668283", "timestamp": 1628879478127, "tick_direction": 1, "price": 0.408, "mark_price": 0.40856564, "iv": 97.2, "instrument_name": "BTC-31DEC21-32000-C", "index_price": 46586.64, "direction": "buy", "amount": 0.1}, {"trade_seq": 662, "trade_id": "174668279", "timestamp": 1628879477562, "tick_direction": 1, "price": 0.408, "mark_price": 0.40857078, "iv": 97.19, "instrument_name": "BTC-31DEC21-32000-C", "index_price": 46586.64, "direction": "buy", "amount": 0.1}, {"trade_seq": 661, "trade_id": "174668274", "timestamp": 1628879472205, "tick_direction": 1, "price": 0.408, "mark_price": 0.40845722, "iv": 97.26, "instrument_name": "BTC-31DEC21-32000-C", "index_price": 46573.85, "direction": "buy", "amount": 0.1}, {"trade_seq": 660, "trade_id": "174668259", "timestamp": 1628879472103, "tick_direction": 1, "price": 0.408, "mark_price": 0.40845722, "iv": 97.26, "instrument_name": "BTC-31DEC21-32000-C", "index_price": 46573.85, "direction": "buy", "amount": 0.1}, {"trade_seq": 659, "trade_id": "174668240", "timestamp": 1628879441563, "tick_direction": 1, "price": 0.408, "mark_price": 0.40846996, "iv": 97.25, "instrument_name": "BTC-31DEC21-32000-C", "index_price": 46567.18, "direction": "buy", "amount": 0.1}, {"trade_seq": 658, "trade_id": "174668059", "timestamp": 1628879270445, "tick_direction": 0, "price": 0.408, "mark_price": 0.40871727, "iv": 97.13, "instrument_name": "BTC-31DEC21-32000-C", "index_price": 46594.55, "direction": "buy", "amount": 0.2}, {"trade_seq": 657, "trade_id": "174667683", "timestamp": 1628879074048, "tick_direction": 1, "price": 0.4075, "mark_price": 0.40774529, "iv": 97.46, "instrument_name": "BTC-31DEC21-32000-C", "index_price": 46523.43, "direction": "buy", "amount": 0.1}, {"trade_seq": 656, "trade_id": "174667673", "timestamp": 1628879073414, "tick_direction": 1, "price": 0.4075, "mark_price": 0.40769749, "iv": 97.49, "instrument_name": "BTC-31DEC21-32000-C", "index_price": 46517.87, "direction": "buy", "amount": 0.1}, {"trade_seq": 655, "trade_id": "174667666", "timestamp": 1628879073314, "tick_direction": 1, "price": 0.4075, "mark_price": 0.40769749, "iv": 97.49, "instrument_name": "BTC-31DEC21-32000-C", "index_price": 46517.87, "direction": "buy", "amount": 0.1}, {"trade_seq": 654, "trade_id": "174667640", "timestamp": 1628879072702, "tick_direction": 1, "price": 0.4075, "mark_price": 0.40769749, "iv": 97.49, "instrument_name": "BTC-31DEC21-32000-C", "index_price": 46517.87, "direction": "buy", "amount": 0.1}, {"trade_seq": 653, "trade_id": "174667628", "timestamp": 1628879072356, "tick_direction": 1, "price": 0.4075, "mark_price": 0.4076384, "iv": 97.53, "instrument_name": "BTC-31DEC21-32000-C", "index_price": 46512.42, "direction": "buy", "amount": 0.1}, {"trade_seq": 652, "trade_id": "174667626", "timestamp": 1628879072012, "tick_direction": 1, "price": 0.4075, "mark_price": 0.4076384, "iv": 97.53, "instrument_name": "BTC-31DEC21-32000-C", "index_price": 46512.42, "direction": "buy", "amount": 0.1}, {"trade_seq": 651, "trade_id": "174667611", "timestamp": 1628879062713, "tick_direction": 1, "price": 0.4075, "mark_price": 0.40762021, "iv": 97.54, "instrument_name": "BTC-31DEC21-32000-C", "index_price": 46508.16, "direction": "buy", "amount": 0.1}, {"trade_seq": 650, "trade_id": "174667610", "timestamp": 1628879062711, "tick_direction": 1, "price": 0.4075, "mark_price": 0.40762021, "iv": 97.54, "instrument_name": "BTC-31DEC21-32000-C", "index_price": 46508.16, "direction": "buy", "amount": 0.1}, {"trade_seq": 649, "trade_id": "174667606", "timestamp": 1628879042009, "tick_direction": 0, "price": 0.4075, "mark_price": 0.40768911, "iv": 97.49, "instrument_name": "BTC-31DEC21-32000-C", "index_price": 46517.1, "direction": "buy", "amount": 0.2}, {"trade_seq": 648, "trade_id": "174667141", "timestamp": 1628878356725, "tick_direction": 2, "price": 0.407, "mark_price": 0.40743469, "iv": 97.34, "instrument_name": "BTC-31DEC21-32000-C", "index_price": 46490.41, "direction": "buy", "amount": 1.0}, {"trade_seq": 647, "trade_id": "174665679", "timestamp": 1628877488865, "tick_direction": 2, "price": 0.408, "mark_price": 0.40861498, "iv": 97.48, "instrument_name": "BTC-31DEC21-32000-C", "index_price": 46549.36, "direction": "buy", "amount": 1.0}, {"trade_seq": 646, "trade_id": "174305244", "timestamp": 1628694249599, "tick_direction": 0, "price": 0.4115, "mark_price": 0.41179518, "iv": 99.95, "instrument_name": "BTC-31DEC21-32000-C", "index_price": 46454.47, "direction": "buy", "amount": 2.0}, {"trade_seq": 645, "trade_id": "174294585", "timestamp": 1628689643843, "tick_direction": 1, "price": 0.41, "mark_price": 0.41030521, "iv": 99.46, "instrument_name": "BTC-31DEC21-32000-C", "index_price": 46402.91, "direction": "buy", "amount": 1.2}, {"trade_seq": 644, "trade_id": "174294582", "timestamp": 1628689643428, "tick_direction": 1, "price": 0.41, "mark_price": 0.41030521, "iv": 99.46, "instrument_name": "BTC-31DEC21-32000-C", "index_price": 46402.91, "direction": "buy", "amount": 0.1}, {"trade_seq": 643, "trade_id": "174294576", "timestamp": 1628689641929, "tick_direction": 1, "price": 0.41, "mark_price": 0.41032286, "iv": 99.48, "instrument_name": "BTC-31DEC21-32000-C", "index_price": 46397.32, "direction": "buy", "amount": 0.1}, {"trade_seq": 642, "trade_id": "174294572", "timestamp": 1628689638277, "tick_direction": 1, "price": 0.41, "mark_price": 0.41028884, "iv": 99.49, "instrument_name": "BTC-31DEC21-32000-C", "index_price": 46394.94, "direction": "buy", "amount": 0.1}, {"trade_seq": 641, "trade_id": "174294570", "timestamp": 1628689635035, "tick_direction": 1, "price": 0.41, "mark_price": 0.4102231, "iv": 99.52, "instrument_name": "BTC-31DEC21-32000-C", "index_price": 46386.01, "direction": "buy", "amount": 0.1}, {"trade_seq": 640, "trade_id": "174294453", "timestamp": 1628689603395, "tick_direction": 1, "price": 0.41, "mark_price": 0.40993299, "iv": 99.67, "instrument_name": "BTC-31DEC21-32000-C", "index_price": 46367.93, "direction": "buy", "amount": 0.1}, {"trade_seq": 639, "trade_id": "174294441", "timestamp": 1628689603231, "tick_direction": 1, "price": 0.41, "mark_price": 0.40993299, "iv": 99.67, "instrument_name": "BTC-31DEC21-32000-C", "index_price": 46367.93, "direction": "buy", "amount": 0.1}, {"trade_seq": 638, "trade_id": "174294438", "timestamp": 1628689602849, "tick_direction": 1, "price": 0.41, "mark_price": 0.40993246, "iv": 99.72, "instrument_name": "BTC-31DEC21-32000-C", "index_price": 46366.12, "direction": "buy", "amount": 0.1}, {"trade_seq": 637, "trade_id": "174294437", "timestamp": 1628689602591, "tick_direction": 1, "price": 0.41, "mark_price": 0.40993246, "iv": 99.72, "instrument_name": "BTC-31DEC21-32000-C", "index_price": 46366.12, "direction": "buy", "amount": 0.1}, {"trade_seq": 636, "trade_id": "174293258", "timestamp": 1628688592727, "tick_direction": 1, "price": 0.41, "mark_price": 0.41010428, "iv": 99.68, "instrument_name": "BTC-31DEC21-32000-C", "index_price": 46369.67, "direction": "buy", "amount": 1.5}, {"trade_seq": 635, "trade_id": "174293249", "timestamp": 1628688589424, "tick_direction": 1, "price": 0.41, "mark_price": 0.4100993, "iv": 99.68, "instrument_name": "BTC-31DEC21-32000-C", "index_price": 46368.2, "direction": "buy", "amount": 0.1}, {"trade_seq": 634, "trade_id": "174293248", "timestamp": 1628688586464, "tick_direction": 1, "price": 0.41, "mark_price": 0.41007773, "iv": 99.69, "instrument_name": "BTC-31DEC21-32000-C", "index_price": 46361.72, "direction": "buy", "amount": 0.1}, {"trade_seq": 633, "trade_id": "174293231", "timestamp": 1628688572993, "tick_direction": 1, "price": 0.41, "mark_price": 0.40996527, "iv": 99.76, "instrument_name": "BTC-31DEC21-32000-C", "index_price": 46360.14, "direction": "buy", "amount": 0.1}, {"trade_seq": 632, "trade_id": "174293230", "timestamp": 1628688572986, "tick_direction": 1, "price": 0.41, "mark_price": 0.40996527, "iv": 99.76, "instrument_name": "BTC-31DEC21-32000-C", "index_price": 46360.14, "direction": "buy", "amount": 0.1}, {"trade_seq": 631, "trade_id": "174293192", "timestamp": 1628688569447, "tick_direction": 0, "price": 0.41, "mark_price": 0.40979701, "iv": 99.87, "instrument_name": "BTC-31DEC21-32000-C", "index_price": 46342.52, "direction": "buy", "amount": 0.1}, {"trade_seq": 630, "trade_id": "174259571", "timestamp": 1628669845302, "tick_direction": 2, "price": 0.4, "mark_price": 0.40995559, "iv": 93.66, "instrument_name": "BTC-31DEC21-32000-C", "index_price": 46278.28, "direction": "buy", "amount": 1.0}, {"trade_seq": 629, "trade_id": "174107741", "timestamp": 1628593265193, "tick_direction": 1, "price": 0.4055, "mark_price": 0.40469364, "iv": 102.73, "instrument_name": "BTC-31DEC21-32000-C", "index_price": 45412.98, "direction": "sell", "amount": 0.1}, {"trade_seq": 628, "trade_id": "174107740", "timestamp": 1628593265138, "tick_direction": 1, "price": 0.4055, "mark_price": 0.40469364, "iv": 102.73, "instrument_name": "BTC-31DEC21-32000-C", "index_price": 45412.98, "direction": "sell", "amount": 0.1}, {"trade_seq": 627, "trade_id": "174107737", "timestamp": 1628593265104, "tick_direction": 1, "price": 0.4055, "mark_price": 0.40469364, "iv": 102.73, "instrument_name": "BTC-31DEC21-32000-C", "index_price": 45412.98, "direction": "sell", "amount": 0.1}, {"trade_seq": 626, "trade_id": "174107682", "timestamp": 1628593256909, "tick_direction": 1, "price": 0.4055, "mark_price": 0.4048723, "iv": 102.63, "instrument_name": "BTC-31DEC21-32000-C", "index_price": 45437.26, "direction": "sell", "amount": 0.1}, {"trade_seq": 625, "trade_id": "174107681", "timestamp": 1628593256891, "tick_direction": 0, "price": 0.4055, "mark_price": 0.4048723, "iv": 102.63, "instrument_name": "BTC-31DEC21-32000-C", "index_price": 45437.26, "direction": "sell", "amount": 0.1}, {"trade_seq": 624, "trade_id": "174107360", "timestamp": 1628593181462, "tick_direction": 2, "price": 0.4045, "mark_price": 0.40403072, "iv": 102.51, "instrument_name": "BTC-31DEC21-32000-C", "index_price": 45373.34, "direction": "sell", "amount": 0.5}, {"trade_seq": 623, "trade_id": "174033401", "timestamp": 1628556182640, "tick_direction": 0, "price": 0.4065, "mark_price": 0.40622755, "iv": 99.6, "instrument_name": "BTC-31DEC21-32000-C", "index_price": 45932.92, "direction": "sell", "amount": 1.0}, {"trade_seq": 622, "trade_id": "173945366", "timestamp": 1628527705281, "tick_direction": 1, "price": 0.4045, "mark_price": 0.40375747, "iv": 98.42, "instrument_name": "BTC-31DEC21-32000-C", "index_price": 45895.19, "direction": "sell", "amount": 0.5}, {"trade_seq": 621, "trade_id": "173945365", "timestamp": 1628527705272, "tick_direction": 1, "price": 0.4045, "mark_price": 0.40375747, "iv": 98.42, "instrument_name": "BTC-31DEC21-32000-C", "index_price": 45895.19, "direction": "sell", "amount": 0.1}, {"trade_seq": 620, "trade_id": "173945364", "timestamp": 1628527704827, "tick_direction": 0, "price": 0.4045, "mark_price": 0.40384593, "iv": 98.42, "instrument_name": "BTC-31DEC21-32000-C", "index_price": 45895.19, "direction": "sell", "amount": 0.1}, {"trade_seq": 619, "trade_id": "173944914", "timestamp": 1628527474889, "tick_direction": 1, "price": 0.4035, "mark_price": 0.40258066, "iv": 98.43, "instrument_name": "BTC-31DEC21-32000-C", "index_price": 45825.15, "direction": "sell", "amount": 0.1}, {"trade_seq": 618, "trade_id": "173944913", "timestamp": 1628527474000, "tick_direction": 1, "price": 0.4035, "mark_price": 0.40257438, "iv": 98.43, "instrument_name": "BTC-31DEC21-32000-C", "index_price": 45825.86, "direction": "sell", "amount": 0.2}, {"trade_seq": 617, "trade_id": "173944795", "timestamp": 1628527316409, "tick_direction": 1, "price": 0.4035, "mark_price": 0.40270572, "iv": 98.32, "instrument_name": "BTC-31DEC21-32000-C", "index_price": 45831.62, "direction": "sell", "amount": 0.7}, {"trade_seq": 616, "trade_id": "173944794", "timestamp": 1628527316366, "tick_direction": 1, "price": 0.4035, "mark_price": 0.40270572, "iv": 98.32, "instrument_name": "BTC-31DEC21-32000-C", "index_price": 45831.62, "direction": "sell", "amount": 0.1}, {"trade_seq": 615, "trade_id": "173944778", "timestamp": 1628527315861, "tick_direction": 1, "price": 0.4035, "mark_price": 0.40270572, "iv": 98.32, "instrument_name": "BTC-31DEC21-32000-C", "index_price": 45831.62, "direction": "sell", "amount": 0.1}, {"trade_seq": 614, "trade_id": "173944776", "timestamp": 1628527313302, "tick_direction": 1, "price": 0.4035, "mark_price": 0.40267042, "iv": 98.34, "instrument_name": "BTC-31DEC21-32000-C", "index_price": 45833.42, "direction": "sell", "amount": 0.1}, {"trade_seq": 613, "trade_id": "173938295", "timestamp": 1628524346022, "tick_direction": 1, "price": 0.4035, "mark_price": 0.40254378, "iv": 97.28, "instrument_name": "BTC-31DEC21-32000-C", "index_price": 45990.27, "direction": "sell", "amount": 0.3}, {"trade_seq": 612, "trade_id": "173938294", "timestamp": 1628524344416, "tick_direction": 1, "price": 0.4035, "mark_price": 0.40255381, "iv": 97.23, "instrument_name": "BTC-31DEC21-32000-C", "index_price": 45998.52, "direction": "sell", "amount": 0.1}, {"trade_seq": 611, "trade_id": "173938293", "timestamp": 1628524343330, "tick_direction": 1, "price": 0.4035, "mark_price": 0.40260164, "iv": 97.2, "instrument_name": "BTC-31DEC21-32000-C", "index_price": 46002.38, "direction": "sell", "amount": 0.1}, {"trade_seq": 610, "trade_id": "173938252", "timestamp": 1628524323188, "tick_direction": 1, "price": 0.4035, "mark_price": 0.40263102, "iv": 97.19, "instrument_name": "BTC-31DEC21-32000-C", "index_price": 46016.01, "direction": "sell", "amount": 0.1}, {"trade_seq": 609, "trade_id": "173938233", "timestamp": 1628524322821, "tick_direction": 0, "price": 0.4035, "mark_price": 0.40265293, "iv": 97.19, "instrument_name": "BTC-31DEC21-32000-C", "index_price": 46016.01, "direction": "sell", "amount": 0.4}, {"trade_seq": 608, "trade_id": "173925208", "timestamp": 1628518856251, "tick_direction": 0, "price": 0.401, "mark_price": 0.40025189, "iv": 95.66, "instrument_name": "BTC-31DEC21-32000-C", "index_price": 46012.95, "direction": "sell", "amount": 2.0}, {"trade_seq": 607, "trade_id": "173904152", "timestamp": 1628512874289, "tick_direction": 3, "price": 0.396, "mark_price": 0.39632944, "iv": 94.59, "instrument_name": "BTC-31DEC21-32000-C", "index_price": 45726.25, "direction": "buy", "amount": 2.2}, {"trade_seq": 606, "trade_id": "173904150", "timestamp": 1628512873859, "tick_direction": 3, "price": 0.396, "mark_price": 0.39632944, "iv": 94.64, "instrument_name": "BTC-31DEC21-32000-C", "index_price": 45717.63, "direction": "buy", "amount": 0.1}, {"trade_seq": 605, "trade_id": "173904097", "timestamp": 1628512755843, "tick_direction": 3, "price": 0.396, "mark_price": 0.39637073, "iv": 94.67, "instrument_name": "BTC-31DEC21-32000-C", "index_price": 45706.47, "direction": "buy", "amount": 0.1}, {"trade_seq": 604, "trade_id": "173904096", "timestamp": 1628512755808, "tick_direction": 3, "price": 0.396, "mark_price": 0.39637073, "iv": 94.67, "instrument_name": "BTC-31DEC21-32000-C", "index_price": 45706.47, "direction": "buy", "amount": 0.1}, {"trade_seq": 603, "trade_id": "173904095", "timestamp": 1628512755785, "tick_direction": 3, "price": 0.396, "mark_price": 0.39637073, "iv": 94.67, "instrument_name": "BTC-31DEC21-32000-C", "index_price": 45706.47, "direction": "buy", "amount": 0.1}, {"trade_seq": 602, "trade_id": "173904094", "timestamp": 1628512755781, "tick_direction": 3, "price": 0.396, "mark_price": 0.39637073, "iv": 94.67, "instrument_name": "BTC-31DEC21-32000-C", "index_price": 45706.47, "direction": "buy", "amount": 0.1}, {"trade_seq": 601, "trade_id": "173904079", "timestamp": 1628512723027, "tick_direction": 3, "price": 0.396, "mark_price": 0.3964421, "iv": 94.64, "instrument_name": "BTC-31DEC21-32000-C", "index_price": 45708.57, "direction": "buy", "amount": 0.3}, {"trade_seq": 600, "trade_id": "173904057", "timestamp": 1628512652615, "tick_direction": 2, "price": 0.396, "mark_price": 0.39650735, "iv": 94.63, "instrument_name": "BTC-31DEC21-32000-C", "index_price": 45704.0, "direction": "buy", "amount": 1.7}, {"trade_seq": 599, "trade_id": "173904030", "timestamp": 1628512629572, "tick_direction": 1, "price": 0.3965, "mark_price": 0.39660694, "iv": 94.91, "instrument_name": "BTC-31DEC21-32000-C", "index_price": 45712.09, "direction": "buy", "amount": 0.1}, {"trade_seq": 598, "trade_id": "173904028", "timestamp": 1628512621279, "tick_direction": 0, "price": 0.3965, "mark_price": 0.39662709, "iv": 94.89, "instrument_name": "BTC-31DEC21-32000-C", "index_price": 45718.54, "direction": "buy", "amount": 0.2}, {"trade_seq": 597, "trade_id": "173868969", "timestamp": 1628502769422, "tick_direction": 1, "price": 0.388, "mark_price": 0.38632843, "iv": 93.89, "instrument_name": "BTC-31DEC21-32000-C", "index_price": 44990.58, "direction": "sell", "amount": 0.1}, {"trade_seq": 596, "trade_id": "173868968", "timestamp": 1628502769385, "tick_direction": 1, "price": 0.388, "mark_price": 0.38632843, "iv": 93.89, "instrument_name": "BTC-31DEC21-32000-C", "index_price": 44990.58, "direction": "sell", "amount": 0.4}, {"trade_seq": 595, "trade_id": "173868942", "timestamp": 1628502768758, "tick_direction": 0, "price": 0.388, "mark_price": 0.38649945, "iv": 93.78, "instrument_name": "BTC-31DEC21-32000-C", "index_price": 45009.62, "direction": "sell", "amount": 0.5}, {"trade_seq": 594, "trade_id": "173868317", "timestamp": 1628502695620, "tick_direction": 0, "price": 0.386, "mark_price": 0.38548896, "iv": 93.13, "instrument_name": "BTC-31DEC21-32000-C", "index_price": 44892.26, "direction": "sell", "amount": 1.0}, {"trade_seq": 593, "trade_id": "173593373", "timestamp": 1628371583786, "tick_direction": 1, "price": 0.376, "mark_price": 0.37528257, "iv": 89.95, "instrument_name": "BTC-31DEC21-32000-C", "index_price": 44280.3, "direction": "sell", "amount": 0.1}, {"trade_seq": 592, "trade_id": "173593364", "timestamp": 1628371563676, "tick_direction": 1, "price": 0.376, "mark_price": 0.3751239, "iv": 90.06, "instrument_name": "BTC-31DEC21-32000-C", "index_price": 44276.78, "direction": "sell", "amount": 0.1}, {"trade_seq": 591, "trade_id": "173593363", "timestamp": 1628371563376, "tick_direction": 1, "price": 0.376, "mark_price": 0.3751239, "iv": 90.06, "instrument_name": "BTC-31DEC21-32000-C", "index_price": 44276.78, "direction": "sell", "amount": 0.1}, {"trade_seq": 590, "trade_id": "173593362", "timestamp": 1628371562779, "tick_direction": 1, "price": 0.376, "mark_price": 0.37519249, "iv": 90.04, "instrument_name": "BTC-31DEC21-32000-C", "index_price": 44279.05, "direction": "sell", "amount": 0.1}, {"trade_seq": 589, "trade_id": "173593339", "timestamp": 1628371562284, "tick_direction": 1, "price": 0.376, "mark_price": 0.37519249, "iv": 90.04, "instrument_name": "BTC-31DEC21-32000-C", "index_price": 44279.05, "direction": "sell", "amount": 0.1}, {"trade_seq": 588, "trade_id": "173593239", "timestamp": 1628371521008, "tick_direction": 1, "price": 0.376, "mark_price": 0.37515748, "iv": 90.01, "instrument_name": "BTC-31DEC21-32000-C", "index_price": 44294.35, "direction": "sell", "amount": 0.1}, {"trade_seq": 587, "trade_id": "173593238", "timestamp": 1628371520130, "tick_direction": 0, "price": 0.376, "mark_price": 0.37515748, "iv": 90.01, "instrument_name": "BTC-31DEC21-32000-C", "index_price": 44296.39, "direction": "sell", "amount": 0.1}, {"trade_seq": 586, "trade_id": "173593204", "timestamp": 1628371463674, "tick_direction": 1, "price": 0.375, "mark_price": 0.37469131, "iv": 89.7, "instrument_name": "BTC-31DEC21-32000-C", "index_price": 44222.02, "direction": "sell", "amount": 0.1}, {"trade_seq": 585, "trade_id": "173593203", "timestamp": 1628371461960, "tick_direction": 1, "price": 0.375, "mark_price": 0.3746592, "iv": 89.7, "instrument_name": "BTC-31DEC21-32000-C", "index_price": 44226.33, "direction": "sell", "amount": 0.1}, {"trade_seq": 584, "trade_id": "173593200", "timestamp": 1628371450402, "tick_direction": 1, "price": 0.375, "mark_price": 0.37460557, "iv": 89.73, "instrument_name": "BTC-31DEC21-32000-C", "index_price": 44220.6, "direction": "sell", "amount": 0.1}, {"trade_seq": 583, "trade_id": "173593199", "timestamp": 1628371449029, "tick_direction": 1, "price": 0.375, "mark_price": 0.37459699, "iv": 89.73, "instrument_name": "BTC-31DEC21-32000-C", "index_price": 44220.23, "direction": "sell", "amount": 0.2}, {"trade_seq": 582, "trade_id": "173593198", "timestamp": 1628371448872, "tick_direction": 0, "price": 0.375, "mark_price": 0.37462655, "iv": 89.73, "instrument_name": "BTC-31DEC21-32000-C", "index_price": 44220.23, "direction": "sell", "amount": 0.3}, {"trade_seq": 581, "trade_id": "173426378", "timestamp": 1628290232647, "tick_direction": 1, "price": 0.3585, "mark_price": 0.35717389, "iv": 89.04, "instrument_name": "BTC-31DEC21-32000-C", "index_price": 42659.82, "direction": "sell", "amount": 0.1}, {"trade_seq": 580, "trade_id": "173426375", "timestamp": 1628290230630, "tick_direction": 1, "price": 0.3585, "mark_price": 0.35716847, "iv": 89.04, "instrument_name": "BTC-31DEC21-32000-C", "index_price": 42659.87, "direction": "sell", "amount": 0.1}, {"trade_seq": 579, "trade_id": "173426374", "timestamp": 1628290228610, "tick_direction": 1, "price": 0.3585, "mark_price": 0.35716154, "iv": 89.05, "instrument_name": "BTC-31DEC21-32000-C", "index_price": 42659.81, "direction": "sell", "amount": 0.1}, {"trade_seq": 578, "trade_id": "173426373", "timestamp": 1628290226581, "tick_direction": 1, "price": 0.3585, "mark_price": 0.35715262, "iv": 89.05, "instrument_name": "BTC-31DEC21-32000-C", "index_price": 42659.81, "direction": "sell", "amount": 0.1}, {"trade_seq": 577, "trade_id": "173426372", "timestamp": 1628290226387, "tick_direction": 0, "price": 0.3585, "mark_price": 0.35715262, "iv": 89.05, "instrument_name": "BTC-31DEC21-32000-C", "index_price": 42659.81, "direction": "sell", "amount": 0.1}, {"trade_seq": 576, "trade_id": "173426346", "timestamp": 1628290182213, "tick_direction": 1, "price": 0.358, "mark_price": 0.35677664, "iv": 89.0, "instrument_name": "BTC-31DEC21-32000-C", "index_price": 42624.69, "direction": "sell", "amount": 0.1}, {"trade_seq": 575, "trade_id": "173426345", "timestamp": 1628290180665, "tick_direction": 0, "price": 0.358, "mark_price": 0.35678021, "iv": 89.0, "instrument_name": "BTC-31DEC21-32000-C", "index_price": 42624.5, "direction": "sell", "amount": 0.3}, {"trade_seq": 574, "trade_id": "173426331", "timestamp": 1628290160040, "tick_direction": 3, "price": 0.3575, "mark_price": 0.3566948, "iv": 88.76, "instrument_name": "BTC-31DEC21-32000-C", "index_price": 42616.56, "direction": "sell", "amount": 0.2}, {"trade_seq": 573, "trade_id": "173426330", "timestamp": 1628290158552, "tick_direction": 2, "price": 0.3575, "mark_price": 0.35670933, "iv": 88.76, "instrument_name": "BTC-31DEC21-32000-C", "index_price": 42616.26, "direction": "sell", "amount": 0.4}, {"trade_seq": 572, "trade_id": "173426001", "timestamp": 1628289510131, "tick_direction": 1, "price": 0.358, "mark_price": 0.35706826, "iv": 88.84, "instrument_name": "BTC-31DEC21-32000-C", "index_price": 42637.37, "direction": "sell", "amount": 0.1}, {"trade_seq": 571, "trade_id": "173426000", "timestamp": 1628289509219, "tick_direction": 1, "price": 0.358, "mark_price": 0.35706733, "iv": 88.85, "instrument_name": "BTC-31DEC21-32000-C", "index_price": 42635.65, "direction": "sell", "amount": 0.1}, {"trade_seq": 570, "trade_id": "173425999", "timestamp": 1628289509167, "tick_direction": 1, "price": 0.358, "mark_price": 0.35706733, "iv": 88.85, "instrument_name": "BTC-31DEC21-32000-C", "index_price": 42635.65, "direction": "sell", "amount": 0.3}, {"trade_seq": 569, "trade_id": "173425998", "timestamp": 1628289508982, "tick_direction": 0, "price": 0.358, "mark_price": 0.35703402, "iv": 88.85, "instrument_name": "BTC-31DEC21-32000-C", "index_price": 42635.65, "direction": "sell", "amount": 0.4}, {"trade_seq": 568, "trade_id": "173425955", "timestamp": 1628289445823, "tick_direction": 3, "price": 0.3575, "mark_price": 0.35697474, "iv": 88.6, "instrument_name": "BTC-31DEC21-32000-C", "index_price": 42618.91, "direction": "sell", "amount": 0.1}, {"trade_seq": 567, "trade_id": "173425954", "timestamp": 1628289444885, "tick_direction": 2, "price": 0.3575, "mark_price": 0.35699387, "iv": 88.6, "instrument_name": "BTC-31DEC21-32000-C", "index_price": 42617.18, "direction": "sell", "amount": 0.3}, {"trade_seq": 566, "trade_id": "173354819", "timestamp": 1628265866580, "tick_direction": 0, "price": 0.359, "mark_price": 0.35808046, "iv": 88.19, "instrument_name": "BTC-31DEC21-32000-C", "index_price": 42769.52, "direction": "sell", "amount": 3.0}, {"trade_seq": 565, "trade_id": "173203960", "timestamp": 1628211664603, "tick_direction": 3, "price": 0.3285, "mark_price": 0.32886098, "iv": 87.9, "instrument_name": "BTC-31DEC21-32000-C", "index_price": 40102.46, "direction": "buy", "amount": 0.3}, {"trade_seq": 564, "trade_id": "173203958", "timestamp": 1628211664091, "tick_direction": 2, "price": 0.3285, "mark_price": 0.32886695, "iv": 87.9, "instrument_name": "BTC-31DEC21-32000-C", "index_price": 40102.46, "direction": "buy", "amount": 0.7}, {"trade_seq": 563, "trade_id": "173148606", "timestamp": 1628192960187, "tick_direction": 2, "price": 0.334, "mark_price": 0.33481839, "iv": 87.51, "instrument_name": "BTC-31DEC21-32000-C", "index_price": 40639.92, "direction": "buy", "amount": 0.5}, {"trade_seq": 562, "trade_id": "173147708", "timestamp": 1628192908282, "tick_direction": 1, "price": 0.336, "mark_price": 0.33629259, "iv": 87.79, "instrument_name": "BTC-31DEC21-32000-C", "index_price": 40789.69, "direction": "buy", "amount": 0.1}, {"trade_seq": 561, "trade_id": "173147707", "timestamp": 1628192908270, "tick_direction": 1, "price": 0.336, "mark_price": 0.33629259, "iv": 87.79, "instrument_name": "BTC-31DEC21-32000-C", "index_price": 40789.69, "direction": "buy", "amount": 0.1}, {"trade_seq": 560, "trade_id": "173147703", "timestamp": 1628192908165, "tick_direction": 1, "price": 0.336, "mark_price": 0.33629259, "iv": 87.79, "instrument_name": "BTC-31DEC21-32000-C", "index_price": 40789.69, "direction": "buy", "amount": 0.1}, {"trade_seq": 559, "trade_id": "173147682", "timestamp": 1628192906706, "tick_direction": 1, "price": 0.336, "mark_price": 0.33626311, "iv": 87.79, "instrument_name": "BTC-31DEC21-32000-C", "index_price": 40789.19, "direction": "buy", "amount": 0.1}, {"trade_seq": 558, "trade_id": "173147679", "timestamp": 1628192905724, "tick_direction": 0, "price": 0.336, "mark_price": 0.33624643, "iv": 87.8, "instrument_name": "BTC-31DEC21-32000-C", "index_price": 40786.07, "direction": "buy", "amount": 0.1}, {"trade_seq": 557, "trade_id": "173099658", "timestamp": 1628182439825, "tick_direction": 1, "price": 0.3185, "mark_price": 0.31880493, "iv": 85.17, "instrument_name": "BTC-31DEC21-32000-C", "index_price": 39694.9, "direction": "buy", "amount": 0.1}, {"trade_seq": 556, "trade_id": "173099657", "timestamp": 1628182439824, "tick_direction": 1, "price": 0.3185, "mark_price": 0.31880493, "iv": 85.17, "instrument_name": "BTC-31DEC21-32000-C", "index_price": 39694.9, "direction": "buy", "amount": 0.1}, {"trade_seq": 555, "trade_id": "173099653", "timestamp": 1628182439661, "tick_direction": 1, "price": 0.3185, "mark_price": 0.31880493, "iv": 85.17, "instrument_name": "BTC-31DEC21-32000-C", "index_price": 39694.9, "direction": "buy", "amount": 0.1}, {"trade_seq": 554, "trade_id": "173099652", "timestamp": 1628182439645, "tick_direction": 1, "price": 0.3185, "mark_price": 0.31880493, "iv": 85.17, "instrument_name": "BTC-31DEC21-32000-C", "index_price": 39694.9, "direction": "buy", "amount": 0.1}, {"trade_seq": 553, "trade_id": "173099651", "timestamp": 1628182438463, "tick_direction": 1, "price": 0.3185, "mark_price": 0.3188175, "iv": 85.26, "instrument_name": "BTC-31DEC21-32000-C", "index_price": 39687.88, "direction": "buy", "amount": 0.1}, {"trade_seq": 552, "trade_id": "173099644", "timestamp": 1628182437745, "tick_direction": 1, "price": 0.3185, "mark_price": 0.31881694, "iv": 85.26, "instrument_name": "BTC-31DEC21-32000-C", "index_price": 39678.02, "direction": "buy", "amount": 0.1}, {"trade_seq": 551, "trade_id": "173099611", "timestamp": 1628182428399, "tick_direction": 1, "price": 0.3185, "mark_price": 0.3187905, "iv": 85.27, "instrument_name": "BTC-31DEC21-32000-C", "index_price": 39677.43, "direction": "buy", "amount": 0.1}, {"trade_seq": 550, "trade_id": "173099610", "timestamp": 1628182427029, "tick_direction": 1, "price": 0.3185, "mark_price": 0.31876856, "iv": 85.28, "instrument_name": "BTC-31DEC21-32000-C", "index_price": 39677.87, "direction": "buy", "amount": 0.1}, {"trade_seq": 549, "trade_id": "173099583", "timestamp": 1628182423599, "tick_direction": 1, "price": 0.3185, "mark_price": 0.31884844, "iv": 85.23, "instrument_name": "BTC-31DEC21-32000-C", "index_price": 39681.41, "direction": "buy", "amount": 0.1}, {"trade_seq": 548, "trade_id": "173099572", "timestamp": 1628182418784, "tick_direction": 0, "price": 0.3185, "mark_price": 0.31880641, "iv": 85.26, "instrument_name": "BTC-31DEC21-32000-C", "index_price": 39681.0, "direction": "buy", "amount": 0.1}, {"trade_seq": 547, "trade_id": "173073542", "timestamp": 1628177159005, "tick_direction": 1, "price": 0.3135, "mark_price": 0.31385781, "iv": 85.49, "instrument_name": "BTC-31DEC21-32000-C", "index_price": 39204.17, "direction": "buy", "amount": 1.7}, {"trade_seq": 546, "trade_id": "173073541", "timestamp": 1628177159005, "tick_direction": 0, "price": 0.3135, "mark_price": 0.31385781, "iv": 85.49, "instrument_name": "BTC-31DEC21-32000-C", "index_price": 39204.17, "direction": "buy", "amount": 0.3}, {"trade_seq": 545, "trade_id": "173020225", "timestamp": 1628166882275, "tick_direction": 1, "price": 0.299, "mark_price": 0.29800024, "iv": 85.85, "instrument_name": "BTC-31DEC21-32000-C", "index_price": 37933.35, "direction": "sell", "amount": 0.1}, {"trade_seq": 544, "trade_id": "173020222", "timestamp": 1628166878758, "tick_direction": 1, "price": 0.299, "mark_price": 0.29799835, "iv": 85.85, "instrument_name": "BTC-31DEC21-32000-C", "index_price": 37933.69, "direction": "sell", "amount": 0.1}, {"trade_seq": 543, "trade_id": "173020215", "timestamp": 1628166871794, "tick_direction": 1, "price": 0.299, "mark_price": 0.29808927, "iv": 85.79, "instrument_name": "BTC-31DEC21-32000-C", "index_price": 37942.43, "direction": "sell", "amount": 0.1}, {"trade_seq": 542, "trade_id": "173020214", "timestamp": 1628166869752, "tick_direction": 1, "price": 0.299, "mark_price": 0.2981624, "iv": 85.78, "instrument_name": "BTC-31DEC21-32000-C", "index_price": 37945.57, "direction": "sell", "amount": 0.1}, {"trade_seq": 541, "trade_id": "173020213", "timestamp": 1628166868741, "tick_direction": 0, "price": 0.299, "mark_price": 0.29815772, "iv": 85.74, "instrument_name": "BTC-31DEC21-32000-C", "index_price": 37952.79, "direction": "sell", "amount": 0.2}, {"trade_seq": 540, "trade_id": "173019845", "timestamp": 1628166716410, "tick_direction": 3, "price": 0.298, "mark_price": 0.29745112, "iv": 85.57, "instrument_name": "BTC-31DEC21-32000-C", "index_price": 37901.2, "direction": "sell", "amount": 0.1}, {"trade_seq": 539, "trade_id": "173019843", "timestamp": 1628166715240, "tick_direction": 2, "price": 0.298, "mark_price": 0.29744239, "iv": 85.57, "instrument_name": "BTC-31DEC21-32000-C", "index_price": 37902.15, "direction": "sell", "amount": 0.3}, {"trade_seq": 538, "trade_id": "173014768", "timestamp": 1628164807483, "tick_direction": 3, "price": 0.2995, "mark_price": 0.2996353, "iv": 85.59, "instrument_name": "BTC-31DEC21-32000-C", "index_price": 37971.53, "direction": "sell", "amount": 0.4}, {"trade_seq": 537, "trade_id": "173014755", "timestamp": 1628164806310, "tick_direction": 3, "price": 0.2995, "mark_price": 0.29968692, "iv": 85.56, "instrument_name": "BTC-31DEC21-32000-C", "index_price": 37975.28, "direction": "sell", "amount": 0.1}, {"trade_seq": 536, "trade_id": "173014753", "timestamp": 1628164806084, "tick_direction": 3, "price": 0.2995, "mark_price": 0.29968692, "iv": 85.56, "instrument_name": "BTC-31DEC21-32000-C", "index_price": 37975.28, "direction": "sell", "amount": 0.1}, {"trade_seq": 535, "trade_id": "173014653", "timestamp": 1628164803874, "tick_direction": 3, "price": 0.2995, "mark_price": 0.29985164, "iv": 85.48, "instrument_name": "BTC-31DEC21-32000-C", "index_price": 37989.45, "direction": "sell", "amount": 0.4}, {"trade_seq": 534, "trade_id": "173013260", "timestamp": 1628163869440, "tick_direction": 3, "price": 0.2995, "mark_price": 0.29862598, "iv": 85.61, "instrument_name": "BTC-31DEC21-32000-C", "index_price": 37970.21, "direction": "sell", "amount": 0.4}, {"trade_seq": 533, "trade_id": "173013257", "timestamp": 1628163869235, "tick_direction": 3, "price": 0.2995, "mark_price": 0.29862598, "iv": 85.61, "instrument_name": "BTC-31DEC21-32000-C", "index_price": 37970.21, "direction": "sell", "amount": 0.1}, {"trade_seq": 532, "trade_id": "173013238", "timestamp": 1628163868313, "tick_direction": 3, "price": 0.2995, "mark_price": 0.2986977, "iv": 85.62, "instrument_name": "BTC-31DEC21-32000-C", "index_price": 37969.92, "direction": "sell", "amount": 0.1}, {"trade_seq": 531, "trade_id": "173013234", "timestamp": 1628163868257, "tick_direction": 3, "price": 0.2995, "mark_price": 0.2986977, "iv": 85.62, "instrument_name": "BTC-31DEC21-32000-C", "index_price": 37969.92, "direction": "sell", "amount": 0.1}, {"trade_seq": 530, "trade_id": "173013230", "timestamp": 1628163868054, "tick_direction": 3, "price": 0.2995, "mark_price": 0.2986977, "iv": 85.62, "instrument_name": "BTC-31DEC21-32000-C", "index_price": 37969.92, "direction": "sell", "amount": 0.1}, {"trade_seq": 529, "trade_id": "173013229", "timestamp": 1628163867958, "tick_direction": 3, "price": 0.2995, "mark_price": 0.2986977, "iv": 85.58, "instrument_name": "BTC-31DEC21-32000-C", "index_price": 37973.68, "direction": "sell", "amount": 0.1}, {"trade_seq": 528, "trade_id": "173013168", "timestamp": 1628163857089, "tick_direction": 2, "price": 0.2995, "mark_price": 0.29868835, "iv": 85.6, "instrument_name": "BTC-31DEC21-32000-C", "index_price": 37973.37, "direction": "sell", "amount": 0.1}, {"trade_seq": 527, "trade_id": "172945481", "timestamp": 1628122225247, "tick_direction": 1, "price": 0.322, "mark_price": 0.32265998, "iv": 85.85, "instrument_name": "BTC-31DEC21-32000-C", "index_price": 39793.11, "direction": "buy", "amount": 0.1}, {"trade_seq": 526, "trade_id": "172945478", "timestamp": 1628122209536, "tick_direction": 1, "price": 0.322, "mark_price": 0.32255923, "iv": 85.9, "instrument_name": "BTC-31DEC21-32000-C", "index_price": 39787.48, "direction": "buy", "amount": 0.1}, {"trade_seq": 525, "trade_id": "172945477", "timestamp": 1628122203460, "tick_direction": 1, "price": 0.322, "mark_price": 0.32255545, "iv": 85.9, "instrument_name": "BTC-31DEC21-32000-C", "index_price": 39787.16, "direction": "buy", "amount": 0.1}, {"trade_seq": 524, "trade_id": "172945474", "timestamp": 1628122198453, "tick_direction": 1, "price": 0.322, "mark_price": 0.32254265, "iv": 85.91, "instrument_name": "BTC-31DEC21-32000-C", "index_price": 39786.26, "direction": "buy", "amount": 0.3}, {"trade_seq": 523, "trade_id": "172945471", "timestamp": 1628122193439, "tick_direction": 0, "price": 0.322, "mark_price": 0.3225453, "iv": 85.9, "instrument_name": "BTC-31DEC21-32000-C", "index_price": 39786.81, "direction": "buy", "amount": 0.4}, {"trade_seq": 522, "trade_id": "172881099", "timestamp": 1628087767002, "tick_direction": 1, "price": 0.311, "mark_price": 0.31095101, "iv": 85.01, "instrument_name": "BTC-31DEC21-32000-C", "index_price": 39000.51, "direction": "buy", "amount": 0.3}, {"trade_seq": 521, "trade_id": "172881077", "timestamp": 1628087766068, "tick_direction": 0, "price": 0.311, "mark_price": 0.3109657, "iv": 85.09, "instrument_name": "BTC-31DEC21-32000-C", "index_price": 38987.04, "direction": "buy", "amount": 1.7}, {"trade_seq": 520, "trade_id": "172544335", "timestamp": 1627936472498, "tick_direction": 3, "price": 0.31, "mark_price": 0.30894643, "iv": 84.7, "instrument_name": "BTC-31DEC21-32000-C", "index_price": 38856.2, "direction": "sell", "amount": 0.6}, {"trade_seq": 519, "trade_id": "172544241", "timestamp": 1627936465522, "tick_direction": 2, "price": 0.31, "mark_price": 0.30907528, "iv": 84.63, "instrument_name": "BTC-31DEC21-32000-C", "index_price": 38870.65, "direction": "sell", "amount": 0.4}, {"trade_seq": 518, "trade_id": "172462881", "timestamp": 1627902196400, "tick_direction": 3, "price": 0.3195, "mark_price": 0.31894574, "iv": 84.21, "instrument_name": "BTC-31DEC21-32000-C", "index_price": 39654.22, "direction": "sell", "amount": 0.1}, {"trade_seq": 517, "trade_id": "172462870", "timestamp": 1627902182914, "tick_direction": 3, "price": 0.3195, "mark_price": 0.31901196, "iv": 84.18, "instrument_name": "BTC-31DEC21-32000-C", "index_price": 39658.39, "direction": "sell", "amount": 0.1}, {"trade_seq": 516, "trade_id": "172462847", "timestamp": 1627902143135, "tick_direction": 3, "price": 0.3195, "mark_price": 0.31900052, "iv": 84.18, "instrument_name": "BTC-31DEC21-32000-C", "index_price": 39668.04, "direction": "sell", "amount": 0.1}, {"trade_seq": 515, "trade_id": "172462783", "timestamp": 1627902083689, "tick_direction": 3, "price": 0.3195, "mark_price": 0.31898608, "iv": 84.18, "instrument_name": "BTC-31DEC21-32000-C", "index_price": 39665.0, "direction": "sell", "amount": 0.5}, {"trade_seq": 514, "trade_id": "172461334", "timestamp": 1627901114018, "tick_direction": 3, "price": 0.3195, "mark_price": 0.31963918, "iv": 84.03, "instrument_name": "BTC-31DEC21-32000-C", "index_price": 39727.82, "direction": "sell", "amount": 0.1}, {"trade_seq": 513, "trade_id": "172461333", "timestamp": 1627901113981, "tick_direction": 2, "price": 0.3195, "mark_price": 0.31963918, "iv": 84.03, "instrument_name": "BTC-31DEC21-32000-C", "index_price": 39727.82, "direction": "sell", "amount": 0.1}, {"trade_seq": 512, "trade_id": "172284159", "timestamp": 1627833439836, "tick_direction": 2, "price": 0.3385, "mark_price": 0.33755316, "iv": 84.59, "instrument_name": "BTC-31DEC21-32000-C", "index_price": 41257.89, "direction": "sell", "amount": 2.0}, {"trade_seq": 511, "trade_id": "172269857", "timestamp": 1627824777820, "tick_direction": 2, "price": 0.34, "mark_price": 0.34122975, "iv": 83.6, "instrument_name": "BTC-31DEC21-32000-C", "index_price": 41513.93, "direction": "buy", "amount": 0.1}, {"trade_seq": 510, "trade_id": "172269796", "timestamp": 1627824697808, "tick_direction": 2, "price": 0.341, "mark_price": 0.34158319, "iv": 83.96, "instrument_name": "BTC-31DEC21-32000-C", "index_price": 41537.5, "direction": "buy", "amount": 0.2}, {"trade_seq": 509, "trade_id": "172269771", "timestamp": 1627824635557, "tick_direction": 3, "price": 0.3415, "mark_price": 0.34148593, "iv": 84.27, "instrument_name": "BTC-31DEC21-32000-C", "index_price": 41551.03, "direction": "buy", "amount": 0.1}, {"trade_seq": 508, "trade_id": "172269769", "timestamp": 1627824635431, "tick_direction": 3, "price": 0.3415, "mark_price": 0.34148593, "iv": 84.27, "instrument_name": "BTC-31DEC21-32000-C", "index_price": 41551.03, "direction": "buy", "amount": 0.1}, {"trade_seq": 507, "trade_id": "172269747", "timestamp": 1627824634696, "tick_direction": 2, "price": 0.3415, "mark_price": 0.34144685, "iv": 84.27, "instrument_name": "BTC-31DEC21-32000-C", "index_price": 41551.03, "direction": "buy", "amount": 1.5}, {"trade_seq": 506, "trade_id": "172148135", "timestamp": 1627725723658, "tick_direction": 1, "price": 0.345, "mark_price": 0.34532394, "iv": 84.55, "instrument_name": "BTC-31DEC21-32000-C", "index_price": 41740.31, "direction": "buy", "amount": 0.1}, {"trade_seq": 505, "trade_id": "172147941", "timestamp": 1627725721130, "tick_direction": 1, "price": 0.345, "mark_price": 0.34522073, "iv": 84.61, "instrument_name": "BTC-31DEC21-32000-C", "index_price": 41730.66, "direction": "buy", "amount": 0.1}, {"trade_seq": 504, "trade_id": "172147934", "timestamp": 1627725715899, "tick_direction": 1, "price": 0.345, "mark_price": 0.34519119, "iv": 84.62, "instrument_name": "BTC-31DEC21-32000-C", "index_price": 41725.83, "direction": "buy", "amount": 0.1}, {"trade_seq": 503, "trade_id": "172147933", "timestamp": 1627725713044, "tick_direction": 1, "price": 0.345, "mark_price": 0.34522178, "iv": 84.61, "instrument_name": "BTC-31DEC21-32000-C", "index_price": 41724.43, "direction": "buy", "amount": 0.1}, {"trade_seq": 502, "trade_id": "172147922", "timestamp": 1627725704167, "tick_direction": 1, "price": 0.345, "mark_price": 0.34514509, "iv": 84.6, "instrument_name": "BTC-31DEC21-32000-C", "index_price": 41715.8, "direction": "buy", "amount": 0.1}, {"trade_seq": 501, "trade_id": "172147919", "timestamp": 1627725702614, "tick_direction": 1, "price": 0.345, "mark_price": 0.34512553, "iv": 84.64, "instrument_name": "BTC-31DEC21-32000-C", "index_price": 41707.42, "direction": "buy", "amount": 0.1}, {"trade_seq": 500, "trade_id": "172145700", "timestamp": 1627723960904, "tick_direction": 1, "price": 0.345, "mark_price": 0.34527755, "iv": 84.78, "instrument_name": "BTC-31DEC21-32000-C", "index_price": 41700.64, "direction": "buy", "amount": 0.1}, {"trade_seq": 499, "trade_id": "172145691", "timestamp": 1627723942938, "tick_direction": 1, "price": 0.345, "mark_price": 0.34533382, "iv": 84.75, "instrument_name": "BTC-31DEC21-32000-C", "index_price": 41710.07, "direction": "buy", "amount": 0.3}, {"trade_seq": 498, "trade_id": "172145081", "timestamp": 1627723408419, "tick_direction": 0, "price": 0.345, "mark_price": 0.34568911, "iv": 84.43, "instrument_name": "BTC-31DEC21-32000-C", "index_price": 41729.72, "direction": "buy", "amount": 1.0}, {"trade_seq": 497, "trade_id": "172013347", "timestamp": 1627677020240, "tick_direction": 0, "price": 0.32, "mark_price": 0.32996301, "iv": 79.6, "instrument_name": "BTC-31DEC21-32000-C", "index_price": 40297.95, "direction": "buy", "amount": 0.1}, {"trade_seq": 496, "trade_id": "171983024", "timestamp": 1627656380066, "tick_direction": 0, "price": 0.3155, "mark_price": 0.31427032, "iv": 85.1, "instrument_name": "BTC-31DEC21-32000-C", "index_price": 39066.31, "direction": "sell", "amount": 0.5}, {"trade_seq": 495, "trade_id": "171983009", "timestamp": 1627656351414, "tick_direction": 2, "price": 0.315, "mark_price": 0.31425877, "iv": 84.85, "instrument_name": "BTC-31DEC21-32000-C", "index_price": 39062.07, "direction": "sell", "amount": 0.5}, {"trade_seq": 494, "trade_id": "171827232", "timestamp": 1627585360616, "tick_direction": 2, "price": 0.321, "mark_price": 0.31990229, "iv": 85.12, "instrument_name": "BTC-31DEC21-32000-C", "index_price": 39521.61, "direction": "sell", "amount": 1.0}, {"trade_seq": 493, "trade_id": "171695015", "timestamp": 1627519353634, "tick_direction": 1, "price": 0.328, "mark_price": 0.32678487, "iv": 86.42, "instrument_name": "BTC-31DEC21-32000-C", "index_price": 39742.36, "direction": "sell", "amount": 1.0}, {"trade_seq": 492, "trade_id": "171694973", "timestamp": 1627519352881, "tick_direction": 1, "price": 0.328, "mark_price": 0.32679735, "iv": 86.42, "instrument_name": "BTC-31DEC21-32000-C", "index_price": 39754.41, "direction": "sell", "amount": 0.1}, {"trade_seq": 491, "trade_id": "171694972", "timestamp": 1627519352755, "tick_direction": 1, "price": 0.328, "mark_price": 0.32679735, "iv": 86.42, "instrument_name": "BTC-31DEC21-32000-C", "index_price": 39754.41, "direction": "sell", "amount": 0.1}, {"trade_seq": 490, "trade_id": "171694971", "timestamp": 1627519352748, "tick_direction": 1, "price": 0.328, "mark_price": 0.32679735, "iv": 86.42, "instrument_name": "BTC-31DEC21-32000-C", "index_price": 39754.41, "direction": "sell", "amount": 0.1}, {"trade_seq": 489, "trade_id": "171694970", "timestamp": 1627519352575, "tick_direction": 0, "price": 0.328, "mark_price": 0.32679735, "iv": 86.41, "instrument_name": "BTC-31DEC21-32000-C", "index_price": 39754.41, "direction": "sell", "amount": 0.1}, {"trade_seq": 488, "trade_id": "171694726", "timestamp": 1627519061139, "tick_direction": 2, "price": 0.3275, "mark_price": 0.32661942, "iv": 86.2, "instrument_name": "BTC-31DEC21-32000-C", "index_price": 39743.64, "direction": "sell", "amount": 0.6}, {"trade_seq": 487, "trade_id": "171683057", "timestamp": 1627513710919, "tick_direction": 3, "price": 0.328, "mark_price": 0.32668274, "iv": 86.19, "instrument_name": "BTC-31DEC21-32000-C", "index_price": 39782.65, "direction": "sell", "amount": 0.3}, {"trade_seq": 486, "trade_id": "171683056", "timestamp": 1627513709445, "tick_direction": 2, "price": 0.328, "mark_price": 0.32680979, "iv": 86.12, "instrument_name": "BTC-31DEC21-32000-C", "index_price": 39789.21, "direction": "sell", "amount": 0.7}, {"trade_seq": 485, "trade_id": "171563360", "timestamp": 1627477501963, "tick_direction": 0, "price": 0.331, "mark_price": 0.32648643, "iv": 86.86, "instrument_name": "BTC-31DEC21-32000-C", "index_price": 39881.5, "direction": "buy", "amount": 2.0}, {"trade_seq": 484, "trade_id": "171526418", "timestamp": 1627469146213, "tick_direction": 1, "price": 0.328, "mark_price": 0.32892073, "iv": 83.55, "instrument_name": "BTC-31DEC21-32000-C", "index_price": 40188.32, "direction": "buy", "amount": 0.7}, {"trade_seq": 483, "trade_id": "171526404", "timestamp": 1627469132857, "tick_direction": 1, "price": 0.328, "mark_price": 0.32866673, "iv": 83.68, "instrument_name": "BTC-31DEC21-32000-C", "index_price": 40166.91, "direction": "buy", "amount": 0.1}, {"trade_seq": 482, "trade_id": "171526403", "timestamp": 1627469132833, "tick_direction": 1, "price": 0.328, "mark_price": 0.32866673, "iv": 83.68, "instrument_name": "BTC-31DEC21-32000-C", "index_price": 40166.91, "direction": "buy", "amount": 0.1}, {"trade_seq": 481, "trade_id": "171526402", "timestamp": 1627469132822, "tick_direction": 1, "price": 0.328, "mark_price": 0.32866673, "iv": 83.68, "instrument_name": "BTC-31DEC21-32000-C", "index_price": 40166.91, "direction": "buy", "amount": 0.1}, {"trade_seq": 480, "trade_id": "171525425", "timestamp": 1627468761006, "tick_direction": 0, "price": 0.328, "mark_price": 0.32850019, "iv": 83.91, "instrument_name": "BTC-31DEC21-32000-C", "index_price": 40107.64, "direction": "buy", "amount": 1.0}, {"trade_seq": 479, "trade_id": "171163195", "timestamp": 1627358170622, "tick_direction": 2, "price": 0.291, "mark_price": 0.29025901, "iv": 83.49, "instrument_name": "BTC-31DEC21-32000-C", "index_price": 36859.74, "direction": "sell", "amount": 1.0}, {"trade_seq": 478, "trade_id": "170906309", "timestamp": 1627310500401, "tick_direction": 3, "price": 0.3085, "mark_price": 0.30852548, "iv": 83.6, "instrument_name": "BTC-31DEC21-32000-C", "index_price": 38256.28, "direction": "buy", "amount": 0.1}, {"trade_seq": 477, "trade_id": "170906308", "timestamp": 1627310500131, "tick_direction": 3, "price": 0.3085, "mark_price": 0.30852548, "iv": 83.6, "instrument_name": "BTC-31DEC21-32000-C", "index_price": 38256.28, "direction": "buy", "amount": 0.1}, {"trade_seq": 476, "trade_id": "170906285", "timestamp": 1627310499571, "tick_direction": 3, "price": 0.3085, "mark_price": 0.30852548, "iv": 83.61, "instrument_name": "BTC-31DEC21-32000-C", "index_price": 38246.29, "direction": "buy", "amount": 0.1}, {"trade_seq": 475, "trade_id": "170906222", "timestamp": 1627310499035, "tick_direction": 3, "price": 0.3085, "mark_price": 0.30849115, "iv": 83.61, "instrument_name": "BTC-31DEC21-32000-C", "index_price": 38246.29, "direction": "buy", "amount": 0.1}, {"trade_seq": 474, "trade_id": "170906213", "timestamp": 1627310498439, "tick_direction": 2, "price": 0.3085, "mark_price": 0.308517, "iv": 83.62, "instrument_name": "BTC-31DEC21-32000-C", "index_price": 38243.8, "direction": "buy", "amount": 0.1}, {"trade_seq": 473, "trade_id": "170904196", "timestamp": 1627310123824, "tick_direction": 0, "price": 0.3105, "mark_price": 0.31045832, "iv": 83.61, "instrument_name": "BTC-31DEC21-32000-C", "index_price": 38401.25, "direction": "buy", "amount": 0.1}, {"trade_seq": 472, "trade_id": "170793961", "timestamp": 1627286970149, "tick_direction": 1, "price": 0.3025, "mark_price": 0.30333387, "iv": 83.06, "instrument_name": "BTC-31DEC21-32000-C", "index_price": 37905.28, "direction": "buy", "amount": 0.2}, {"trade_seq": 471, "trade_id": "170793960", "timestamp": 1627286970136, "tick_direction": 1, "price": 0.3025, "mark_price": 0.30333387, "iv": 83.06, "instrument_name": "BTC-31DEC21-32000-C", "index_price": 37905.28, "direction": "buy", "amount": 0.2}, {"trade_seq": 470, "trade_id": "170793951", "timestamp": 1627286968396, "tick_direction": 0, "price": 0.3025, "mark_price": 0.30337919, "iv": 83.02, "instrument_name": "BTC-31DEC21-32000-C", "index_price": 37912.65, "direction": "buy", "amount": 0.6}, {"trade_seq": 469, "trade_id": "170337972", "timestamp": 1627124081164, "tick_direction": 1, "price": 0.246, "mark_price": 0.24631428, "iv": 79.68, "instrument_name": "BTC-31DEC21-32000-C", "index_price": 33911.3, "direction": "buy", "amount": 0.2}, {"trade_seq": 468, "trade_id": "170337831", "timestamp": 1627124027352, "tick_direction": 1, "price": 0.246, "mark_price": 0.24662815, "iv": 79.56, "instrument_name": "BTC-31DEC21-32000-C", "index_price": 33926.62, "direction": "buy", "amount": 0.1}, {"trade_seq": 467, "trade_id": "170337777", "timestamp": 1627124008691, "tick_direction": 1, "price": 0.246, "mark_price": 0.24661665, "iv": 79.57, "instrument_name": "BTC-31DEC21-32000-C", "index_price": 33922.84, "direction": "buy", "amount": 0.1}, {"trade_seq": 466, "trade_id": "170337763", "timestamp": 1627123999108, "tick_direction": 1, "price": 0.246, "mark_price": 0.24665932, "iv": 79.56, "instrument_name": "BTC-31DEC21-32000-C", "index_price": 33925.71, "direction": "buy", "amount": 0.1}, {"trade_seq": 465, "trade_id": "170337689", "timestamp": 1627123976313, "tick_direction": 1, "price": 0.246, "mark_price": 0.2466967, "iv": 79.53, "instrument_name": "BTC-31DEC21-32000-C", "index_price": 33932.64, "direction": "buy", "amount": 1.1}, {"trade_seq": 464, "trade_id": "170337682", "timestamp": 1627123976250, "tick_direction": 0, "price": 0.246, "mark_price": 0.2466967, "iv": 79.53, "instrument_name": "BTC-31DEC21-32000-C", "index_price": 33932.64, "direction": "buy", "amount": 0.4}, {"trade_seq": 463, "trade_id": "170236778", "timestamp": 1627080804301, "tick_direction": 1, "price": 0.232, "mark_price": 0.23324867, "iv": 78.83, "instrument_name": "BTC-31DEC21-32000-C", "index_price": 33190.93, "direction": "buy", "amount": 2.4}, {"trade_seq": 462, "trade_id": "170236777", "timestamp": 1627080804289, "tick_direction": 1, "price": 0.232, "mark_price": 0.23324867, "iv": 78.83, "instrument_name": "BTC-31DEC21-32000-C", "index_price": 33190.93, "direction": "buy", "amount": 0.9}, {"trade_seq": 461, "trade_id": "170236739", "timestamp": 1627080795907, "tick_direction": 1, "price": 0.232, "mark_price": 0.23312838, "iv": 78.91, "instrument_name": "BTC-31DEC21-32000-C", "index_price": 33177.58, "direction": "buy", "amount": 0.1}, {"trade_seq": 460, "trade_id": "170236734", "timestamp": 1627080793262, "tick_direction": 1, "price": 0.232, "mark_price": 0.23294686, "iv": 78.98, "instrument_name": "BTC-31DEC21-32000-C", "index_price": 33169.7, "direction": "buy", "amount": 0.1}, {"trade_seq": 459, "trade_id": "170236725", "timestamp": 1627080792817, "tick_direction": 1, "price": 0.232, "mark_price": 0.23294686, "iv": 78.98, "instrument_name": "BTC-31DEC21-32000-C", "index_price": 33169.7, "direction": "buy", "amount": 0.1}, {"trade_seq": 458, "trade_id": "170236724", "timestamp": 1627080792798, "tick_direction": 1, "price": 0.232, "mark_price": 0.23294686, "iv": 78.98, "instrument_name": "BTC-31DEC21-32000-C", "index_price": 33169.7, "direction": "buy", "amount": 0.1}, {"trade_seq": 457, "trade_id": "170236723", "timestamp": 1627080792495, "tick_direction": 1, "price": 0.232, "mark_price": 0.23294686, "iv": 78.98, "instrument_name": "BTC-31DEC21-32000-C", "index_price": 33160.25, "direction": "buy", "amount": 0.1}, {"trade_seq": 456, "trade_id": "170236653", "timestamp": 1627080775561, "tick_direction": 1, "price": 0.232, "mark_price": 0.23278711, "iv": 79.07, "instrument_name": "BTC-31DEC21-32000-C", "index_price": 33139.33, "direction": "buy", "amount": 0.1}, {"trade_seq": 455, "trade_id": "170236645", "timestamp": 1627080771360, "tick_direction": 1, "price": 0.232, "mark_price": 0.23268274, "iv": 79.13, "instrument_name": "BTC-31DEC21-32000-C", "index_price": 33124.29, "direction": "buy", "amount": 0.1}, {"trade_seq": 454, "trade_id": "170236644", "timestamp": 1627080771242, "tick_direction": 1, "price": 0.232, "mark_price": 0.23268274, "iv": 79.13, "instrument_name": "BTC-31DEC21-32000-C", "index_price": 33124.29, "direction": "buy", "amount": 0.1}, {"trade_seq": 453, "trade_id": "170236498", "timestamp": 1627080734232, "tick_direction": 1, "price": 0.232, "mark_price": 0.23304684, "iv": 79.03, "instrument_name": "BTC-31DEC21-32000-C", "index_price": 33141.4, "direction": "buy", "amount": 0.1}, {"trade_seq": 452, "trade_id": "170236488", "timestamp": 1627080723143, "tick_direction": 1, "price": 0.232, "mark_price": 0.23289444, "iv": 79.09, "instrument_name": "BTC-31DEC21-32000-C", "index_price": 33136.86, "direction": "buy", "amount": 0.1}, {"trade_seq": 451, "trade_id": "170236472", "timestamp": 1627080722909, "tick_direction": 1, "price": 0.232, "mark_price": 0.23289444, "iv": 79.09, "instrument_name": "BTC-31DEC21-32000-C", "index_price": 33136.3, "direction": "buy", "amount": 0.1}, {"trade_seq": 450, "trade_id": "170236429", "timestamp": 1627080680249, "tick_direction": 1, "price": 0.232, "mark_price": 0.2328481, "iv": 79.18, "instrument_name": "BTC-31DEC21-32000-C", "index_price": 33123.47, "direction": "buy", "amount": 0.1}, {"trade_seq": 449, "trade_id": "170236391", "timestamp": 1627080677629, "tick_direction": 1, "price": 0.232, "mark_price": 0.2328595, "iv": 79.18, "instrument_name": "BTC-31DEC21-32000-C", "index_price": 33122.86, "direction": "buy", "amount": 0.1}, {"trade_seq": 448, "trade_id": "170236365", "timestamp": 1627080670778, "tick_direction": 1, "price": 0.232, "mark_price": 0.2328022, "iv": 79.21, "instrument_name": "BTC-31DEC21-32000-C", "index_price": 33116.94, "direction": "buy", "amount": 0.1}, {"trade_seq": 447, "trade_id": "170236362", "timestamp": 1627080658976, "tick_direction": 1, "price": 0.232, "mark_price": 0.23274117, "iv": 79.25, "instrument_name": "BTC-31DEC21-32000-C", "index_price": 33110.73, "direction": "buy", "amount": 0.1}, {"trade_seq": 446, "trade_id": "170236259", "timestamp": 1627080609606, "tick_direction": 1, "price": 0.232, "mark_price": 0.23289155, "iv": 79.25, "instrument_name": "BTC-31DEC21-32000-C", "index_price": 33106.55, "direction": "buy", "amount": 0.1}, {"trade_seq": 445, "trade_id": "170236227", "timestamp": 1627080601677, "tick_direction": 0, "price": 0.232, "mark_price": 0.23276426, "iv": 79.31, "instrument_name": "BTC-31DEC21-32000-C", "index_price": 33094.14, "direction": "buy", "amount": 0.1}, {"trade_seq": 444, "trade_id": "169755836", "timestamp": 1626863029342, "tick_direction": 0, "price": 0.2145, "mark_price": 0.21397914, "iv": 81.88, "instrument_name": "BTC-31DEC21-32000-C", "index_price": 31434.15, "direction": "sell", "amount": 5.0}, {"trade_seq": 443, "trade_id": "169728692", "timestamp": 1626856358506, "tick_direction": 2, "price": 0.205, "mark_price": 0.2063854, "iv": 81.32, "instrument_name": "BTC-31DEC21-32000-C", "index_price": 30826.65, "direction": "sell", "amount": 1.0}, {"trade_seq": 442, "trade_id": "169719838", "timestamp": 1626850908370, "tick_direction": 0, "price": 0.2095, "mark_price": 0.20862679, "iv": 82.75, "instrument_name": "BTC-31DEC21-32000-C", "index_price": 30863.77, "direction": "sell", "amount": 1.0}, {"trade_seq": 441, "trade_id": "169510018", "timestamp": 1626770441117, "tick_direction": 1, "price": 0.1995, "mark_price": 0.1993076, "iv": 84.44, "instrument_name": "BTC-31DEC21-32000-C", "index_price": 29711.86, "direction": "sell", "amount": 0.1}, {"trade_seq": 440, "trade_id": "169509896", "timestamp": 1626770398778, "tick_direction": 1, "price": 0.1995, "mark_price": 0.19896427, "iv": 84.54, "instrument_name": "BTC-31DEC21-32000-C", "index_price": 29707.17, "direction": "sell", "amount": 0.1}, {"trade_seq": 439, "trade_id": "169509883", "timestamp": 1626770394487, "tick_direction": 1, "price": 0.1995, "mark_price": 0.19906096, "iv": 84.5, "instrument_name": "BTC-31DEC21-32000-C", "index_price": 29712.59, "direction": "sell", "amount": 0.1}, {"trade_seq": 438, "trade_id": "169509827", "timestamp": 1626770393825, "tick_direction": 1, "price": 0.1995, "mark_price": 0.19906055, "iv": 84.5, "instrument_name": "BTC-31DEC21-32000-C", "index_price": 29717.28, "direction": "sell", "amount": 0.1}, {"trade_seq": 437, "trade_id": "169509170", "timestamp": 1626770029906, "tick_direction": 1, "price": 0.1995, "mark_price": 0.19884985, "iv": 84.31, "instrument_name": "BTC-31DEC21-32000-C", "index_price": 29747.67, "direction": "sell", "amount": 0.1}, {"trade_seq": 436, "trade_id": "169509169", "timestamp": 1626770029229, "tick_direction": 1, "price": 0.1995, "mark_price": 0.19890163, "iv": 84.29, "instrument_name": "BTC-31DEC21-32000-C", "index_price": 29750.26, "direction": "sell", "amount": 0.1}, {"trade_seq": 435, "trade_id": "169509168", "timestamp": 1626770028666, "tick_direction": 1, "price": 0.1995, "mark_price": 0.19889904, "iv": 84.29, "instrument_name": "BTC-31DEC21-32000-C", "index_price": 29750.26, "direction": "sell", "amount": 0.1}, {"trade_seq": 434, "trade_id": "169509167", "timestamp": 1626770028584, "tick_direction": 1, "price": 0.1995, "mark_price": 0.19889904, "iv": 84.29, "instrument_name": "BTC-31DEC21-32000-C", "index_price": 29750.26, "direction": "sell", "amount": 0.1}, {"trade_seq": 433, "trade_id": "169509165", "timestamp": 1626770028436, "tick_direction": 1, "price": 0.1995, "mark_price": 0.19889904, "iv": 84.29, "instrument_name": "BTC-31DEC21-32000-C", "index_price": 29750.26, "direction": "sell", "amount": 0.1}, {"trade_seq": 432, "trade_id": "169509129", "timestamp": 1626770008477, "tick_direction": 1, "price": 0.1995, "mark_price": 0.19885268, "iv": 84.28, "instrument_name": "BTC-31DEC21-32000-C", "index_price": 29752.72, "direction": "sell", "amount": 0.1}, {"trade_seq": 431, "trade_id": "169509111", "timestamp": 1626770003045, "tick_direction": 1, "price": 0.1995, "mark_price": 0.19884515, "iv": 84.28, "instrument_name": "BTC-31DEC21-32000-C", "index_price": 29754.47, "direction": "sell", "amount": 0.1}, {"trade_seq": 430, "trade_id": "169509090", "timestamp": 1626769989596, "tick_direction": 1, "price": 0.1995, "mark_price": 0.19892475, "iv": 84.27, "instrument_name": "BTC-31DEC21-32000-C", "index_price": 29757.51, "direction": "sell", "amount": 0.1}, {"trade_seq": 429, "trade_id": "169509081", "timestamp": 1626769988190, "tick_direction": 1, "price": 0.1995, "mark_price": 0.19894926, "iv": 84.23, "instrument_name": "BTC-31DEC21-32000-C", "index_price": 29765.51, "direction": "sell", "amount": 0.1}, {"trade_seq": 428, "trade_id": "169509068", "timestamp": 1626769983927, "tick_direction": 1, "price": 0.1995, "mark_price": 0.1990209, "iv": 84.19, "instrument_name": "BTC-31DEC21-32000-C", "index_price": 29770.73, "direction": "sell", "amount": 0.1}, {"trade_seq": 427, "trade_id": "169509058", "timestamp": 1626769983247, "tick_direction": 1, "price": 0.1995, "mark_price": 0.19909712, "iv": 84.19, "instrument_name": "BTC-31DEC21-32000-C", "index_price": 29770.73, "direction": "sell", "amount": 0.1}, {"trade_seq": 426, "trade_id": "169509050", "timestamp": 1626769982879, "tick_direction": 1, "price": 0.1995, "mark_price": 0.19909712, "iv": 84.16, "instrument_name": "BTC-31DEC21-32000-C", "index_price": 29777.17, "direction": "sell", "amount": 0.1}, {"trade_seq": 425, "trade_id": "169509049", "timestamp": 1626769982825, "tick_direction": 1, "price": 0.1995, "mark_price": 0.19911631, "iv": 84.16, "instrument_name": "BTC-31DEC21-32000-C", "index_price": 29777.17, "direction": "sell", "amount": 0.1}, {"trade_seq": 424, "trade_id": "169509030", "timestamp": 1626769982117, "tick_direction": 1, "price": 0.1995, "mark_price": 0.19911631, "iv": 84.15, "instrument_name": "BTC-31DEC21-32000-C", "index_price": 29777.17, "direction": "sell", "amount": 0.1}, {"trade_seq": 423, "trade_id": "169508986", "timestamp": 1626769963220, "tick_direction": 1, "price": 0.1995, "mark_price": 0.19932741, "iv": 84.05, "instrument_name": "BTC-31DEC21-32000-C", "index_price": 29788.8, "direction": "sell", "amount": 0.1}, {"trade_seq": 422, "trade_id": "169508966", "timestamp": 1626769958892, "tick_direction": 0, "price": 0.1995, "mark_price": 0.19937496, "iv": 84.03, "instrument_name": "BTC-31DEC21-32000-C", "index_price": 29792.96, "direction": "sell", "amount": 0.1}, {"trade_seq": 421, "trade_id": "169471272", "timestamp": 1626754356449, "tick_direction": 2, "price": 0.1955, "mark_price": 0.19759914, "iv": 83.63, "instrument_name": "BTC-31DEC21-32000-C", "index_price": 29608.29, "direction": "sell", "amount": 0.1}, {"trade_seq": 420, "trade_id": "169312789", "timestamp": 1626702897044, "tick_direction": 2, "price": 0.208, "mark_price": 0.20965406, "iv": 83.22, "instrument_name": "BTC-31DEC21-32000-C", "index_price": 30584.47, "direction": "buy", "amount": 1.0}, {"trade_seq": 419, "trade_id": "169305772", "timestamp": 1626701358131, "tick_direction": 3, "price": 0.212, "mark_price": 0.21169933, "iv": 84.18, "instrument_name": "BTC-31DEC21-32000-C", "index_price": 30726.52, "direction": "sell", "amount": 0.1}, {"trade_seq": 418, "trade_id": "169305598", "timestamp": 1626701283434, "tick_direction": 3, "price": 0.212, "mark_price": 0.21154308, "iv": 84.22, "instrument_name": "BTC-31DEC21-32000-C", "index_price": 30727.28, "direction": "sell", "amount": 0.1}, {"trade_seq": 417, "trade_id": "169305584", "timestamp": 1626701278270, "tick_direction": 3, "price": 0.212, "mark_price": 0.21157065, "iv": 84.2, "instrument_name": "BTC-31DEC21-32000-C", "index_price": 30729.69, "direction": "sell", "amount": 0.1}, {"trade_seq": 416, "trade_id": "169305569", "timestamp": 1626701274697, "tick_direction": 3, "price": 0.212, "mark_price": 0.21161527, "iv": 84.19, "instrument_name": "BTC-31DEC21-32000-C", "index_price": 30730.34, "direction": "sell", "amount": 0.1}, {"trade_seq": 415, "trade_id": "169305551", "timestamp": 1626701267943, "tick_direction": 3, "price": 0.212, "mark_price": 0.21158403, "iv": 84.19, "instrument_name": "BTC-31DEC21-32000-C", "index_price": 30727.67, "direction": "sell", "amount": 0.1}, {"trade_seq": 414, "trade_id": "169305539", "timestamp": 1626701266986, "tick_direction": 3, "price": 0.212, "mark_price": 0.21161349, "iv": 84.18, "instrument_name": "BTC-31DEC21-32000-C", "index_price": 30730.27, "direction": "sell", "amount": 0.1}, {"trade_seq": 413, "trade_id": "169305538", "timestamp": 1626701265007, "tick_direction": 3, "price": 0.212, "mark_price": 0.21165456, "iv": 84.17, "instrument_name": "BTC-31DEC21-32000-C", "index_price": 30732.06, "direction": "sell", "amount": 0.1}, {"trade_seq": 412, "trade_id": "169305529", "timestamp": 1626701264521, "tick_direction": 3, "price": 0.212, "mark_price": 0.21165456, "iv": 84.16, "instrument_name": "BTC-31DEC21-32000-C", "index_price": 30732.06, "direction": "sell", "amount": 0.1}, {"trade_seq": 411, "trade_id": "169305519", "timestamp": 1626701263387, "tick_direction": 3, "price": 0.212, "mark_price": 0.21168089, "iv": 84.16, "instrument_name": "BTC-31DEC21-32000-C", "index_price": 30733.91, "direction": "sell", "amount": 0.1}, {"trade_seq": 410, "trade_id": "169305503", "timestamp": 1626701259144, "tick_direction": 3, "price": 0.212, "mark_price": 0.21167743, "iv": 84.15, "instrument_name": "BTC-31DEC21-32000-C", "index_price": 30734.39, "direction": "sell", "amount": 0.1}, {"trade_seq": 409, "trade_id": "169305280", "timestamp": 1626701148952, "tick_direction": 3, "price": 0.212, "mark_price": 0.21168344, "iv": 84.11, "instrument_name": "BTC-31DEC21-32000-C", "index_price": 30740.11, "direction": "sell", "amount": 0.1}, {"trade_seq": 408, "trade_id": "169304719", "timestamp": 1626700907794, "tick_direction": 3, "price": 0.212, "mark_price": 0.21202986, "iv": 83.97, "instrument_name": "BTC-31DEC21-32000-C", "index_price": 30769.92, "direction": "sell", "amount": 0.1}, {"trade_seq": 407, "trade_id": "169304708", "timestamp": 1626700901076, "tick_direction": 3, "price": 0.212, "mark_price": 0.21199495, "iv": 83.97, "instrument_name": "BTC-31DEC21-32000-C", "index_price": 30772.84, "direction": "sell", "amount": 0.1}, {"trade_seq": 406, "trade_id": "169304697", "timestamp": 1626700888340, "tick_direction": 3, "price": 0.212, "mark_price": 0.21198151, "iv": 83.96, "instrument_name": "BTC-31DEC21-32000-C", "index_price": 30772.57, "direction": "sell", "amount": 0.1}, {"trade_seq": 405, "trade_id": "169304696", "timestamp": 1626700888074, "tick_direction": 3, "price": 0.212, "mark_price": 0.21198151, "iv": 83.96, "instrument_name": "BTC-31DEC21-32000-C", "index_price": 30772.57, "direction": "sell", "amount": 0.1}, {"trade_seq": 404, "trade_id": "169304692", "timestamp": 1626700886049, "tick_direction": 3, "price": 0.212, "mark_price": 0.21197916, "iv": 83.96, "instrument_name": "BTC-31DEC21-32000-C", "index_price": 30774.25, "direction": "sell", "amount": 0.1}, {"trade_seq": 403, "trade_id": "169304691", "timestamp": 1626700885902, "tick_direction": 3, "price": 0.212, "mark_price": 0.211983, "iv": 83.96, "instrument_name": "BTC-31DEC21-32000-C", "index_price": 30774.25, "direction": "sell", "amount": 0.1}, {"trade_seq": 402, "trade_id": "169304689", "timestamp": 1626700884036, "tick_direction": 3, "price": 0.212, "mark_price": 0.21195285, "iv": 83.97, "instrument_name": "BTC-31DEC21-32000-C", "index_price": 30772.45, "direction": "sell", "amount": 0.1}, {"trade_seq": 401, "trade_id": "169304688", "timestamp": 1626700883154, "tick_direction": 2, "price": 0.212, "mark_price": 0.21197118, "iv": 83.96, "instrument_name": "BTC-31DEC21-32000-C", "index_price": 30772.47, "direction": "sell", "amount": 0.1}, {"trade_seq": 400, "trade_id": "169304389", "timestamp": 1626700806315, "tick_direction": 2, "price": 0.2145, "mark_price": 0.21236913, "iv": 84.77, "instrument_name": "BTC-31DEC21-32000-C", "index_price": 30804.33, "direction": "buy", "amount": 0.1}, {"trade_seq": 399, "trade_id": "169278587", "timestamp": 1626697812141, "tick_direction": 3, "price": 0.217, "mark_price": 0.21739683, "iv": 83.85, "instrument_name": "BTC-31DEC21-32000-C", "index_price": 31192.12, "direction": "sell", "amount": 0.1}, {"trade_seq": 398, "trade_id": "169278565", "timestamp": 1626697809887, "tick_direction": 3, "price": 0.217, "mark_price": 0.21756062, "iv": 83.79, "instrument_name": "BTC-31DEC21-32000-C", "index_price": 31200.53, "direction": "sell", "amount": 1.1}, {"trade_seq": 397, "trade_id": "169264218", "timestamp": 1626692318940, "tick_direction": 3, "price": 0.217, "mark_price": 0.2173208, "iv": 83.61, "instrument_name": "BTC-31DEC21-32000-C", "index_price": 31184.45, "direction": "sell", "amount": 0.1}, {"trade_seq": 396, "trade_id": "169264211", "timestamp": 1626692315204, "tick_direction": 3, "price": 0.217, "mark_price": 0.21731348, "iv": 83.61, "instrument_name": "BTC-31DEC21-32000-C", "index_price": 31185.29, "direction": "sell", "amount": 0.1}, {"trade_seq": 395, "trade_id": "169264208", "timestamp": 1626692314342, "tick_direction": 3, "price": 0.217, "mark_price": 0.2173358, "iv": 83.6, "instrument_name": "BTC-31DEC21-32000-C", "index_price": 31185.54, "direction": "sell", "amount": 0.1}, {"trade_seq": 394, "trade_id": "169264192", "timestamp": 1626692312796, "tick_direction": 3, "price": 0.217, "mark_price": 0.21732355, "iv": 83.6, "instrument_name": "BTC-31DEC21-32000-C", "index_price": 31187.82, "direction": "sell", "amount": 0.1}, {"trade_seq": 393, "trade_id": "169264153", "timestamp": 1626692308817, "tick_direction": 3, "price": 0.217, "mark_price": 0.21740363, "iv": 83.6, "instrument_name": "BTC-31DEC21-32000-C", "index_price": 31188.98, "direction": "sell", "amount": 0.1}, {"trade_seq": 392, "trade_id": "169264152", "timestamp": 1626692308787, "tick_direction": 3, "price": 0.217, "mark_price": 0.21740363, "iv": 83.6, "instrument_name": "BTC-31DEC21-32000-C", "index_price": 31188.98, "direction": "sell", "amount": 0.1}, {"trade_seq": 391, "trade_id": "169264138", "timestamp": 1626692308413, "tick_direction": 3, "price": 0.217, "mark_price": 0.21740363, "iv": 83.6, "instrument_name": "BTC-31DEC21-32000-C", "index_price": 31188.98, "direction": "sell", "amount": 0.1}, {"trade_seq": 390, "trade_id": "169264085", "timestamp": 1626692303107, "tick_direction": 2, "price": 0.217, "mark_price": 0.21740246, "iv": 83.57, "instrument_name": "BTC-31DEC21-32000-C", "index_price": 31192.27, "direction": "sell", "amount": 0.1}, {"trade_seq": 389, "trade_id": "169244247", "timestamp": 1626684018308, "tick_direction": 3, "price": 0.223, "mark_price": 0.22379926, "iv": 83.98, "instrument_name": "BTC-31DEC21-32000-C", "index_price": 31561.92, "direction": "sell", "amount": 0.4}, {"trade_seq": 388, "trade_id": "169244241", "timestamp": 1626684007333, "tick_direction": 3, "price": 0.223, "mark_price": 0.22379513, "iv": 83.98, "instrument_name": "BTC-31DEC21-32000-C", "index_price": 31566.99, "direction": "sell", "amount": 0.1}, {"trade_seq": 387, "trade_id": "169243787", "timestamp": 1626683588776, "tick_direction": 2, "price": 0.223, "mark_price": 0.22357481, "iv": 83.95, "instrument_name": "BTC-31DEC21-32000-C", "index_price": 31569.44, "direction": "sell", "amount": 0.1}, {"trade_seq": 386, "trade_id": "169217583", "timestamp": 1626660002567, "tick_direction": 3, "price": 0.2245, "mark_price": 0.22386692, "iv": 84.34, "instrument_name": "BTC-31DEC21-32000-C", "index_price": 31616.49, "direction": "sell", "amount": 0.1}, {"trade_seq": 385, "trade_id": "169217556", "timestamp": 1626659992313, "tick_direction": 2, "price": 0.2245, "mark_price": 0.22386882, "iv": 84.33, "instrument_name": "BTC-31DEC21-32000-C", "index_price": 31616.35, "direction": "sell", "amount": 0.1}, {"trade_seq": 384, "trade_id": "169197239", "timestamp": 1626645436714, "tick_direction": 0, "price": 0.2305, "mark_price": 0.22744096, "iv": 85.56, "instrument_name": "BTC-31DEC21-32000-C", "index_price": 31812.79, "direction": "buy", "amount": 0.1}, {"trade_seq": 383, "trade_id": "169155068", "timestamp": 1626613852534, "tick_direction": 3, "price": 0.226, "mark_price": 0.22669406, "iv": 84.24, "instrument_name": "BTC-31DEC21-32000-C", "index_price": 31723.28, "direction": "sell", "amount": 0.1}, {"trade_seq": 382, "trade_id": "169155063", "timestamp": 1626613836413, "tick_direction": 3, "price": 0.226, "mark_price": 0.22671162, "iv": 84.23, "instrument_name": "BTC-31DEC21-32000-C", "index_price": 31724.99, "direction": "sell", "amount": 0.1}, {"trade_seq": 381, "trade_id": "169155060", "timestamp": 1626613826337, "tick_direction": 3, "price": 0.226, "mark_price": 0.22672087, "iv": 84.22, "instrument_name": "BTC-31DEC21-32000-C", "index_price": 31725.29, "direction": "sell", "amount": 0.1}, {"trade_seq": 380, "trade_id": "169155059", "timestamp": 1626613818251, "tick_direction": 3, "price": 0.226, "mark_price": 0.22673118, "iv": 84.22, "instrument_name": "BTC-31DEC21-32000-C", "index_price": 31725.07, "direction": "sell", "amount": 0.1}, {"trade_seq": 379, "trade_id": "169154798", "timestamp": 1626613322213, "tick_direction": 3, "price": 0.226, "mark_price": 0.22669886, "iv": 84.19, "instrument_name": "BTC-31DEC21-32000-C", "index_price": 31730.16, "direction": "sell", "amount": 0.1}, {"trade_seq": 378, "trade_id": "169154797", "timestamp": 1626613321592, "tick_direction": 3, "price": 0.226, "mark_price": 0.22669886, "iv": 84.19, "instrument_name": "BTC-31DEC21-32000-C", "index_price": 31730.49, "direction": "sell", "amount": 0.1}, {"trade_seq": 377, "trade_id": "169154778", "timestamp": 1626613298015, "tick_direction": 3, "price": 0.226, "mark_price": 0.22681338, "iv": 84.14, "instrument_name": "BTC-31DEC21-32000-C", "index_price": 31731.26, "direction": "sell", "amount": 0.1}, {"trade_seq": 376, "trade_id": "169154777", "timestamp": 1626613287927, "tick_direction": 3, "price": 0.226, "mark_price": 0.2268228, "iv": 84.13, "instrument_name": "BTC-31DEC21-32000-C", "index_price": 31734.41, "direction": "sell", "amount": 0.1}, {"trade_seq": 375, "trade_id": "169154770", "timestamp": 1626613285903, "tick_direction": 2, "price": 0.226, "mark_price": 0.22683549, "iv": 84.13, "instrument_name": "BTC-31DEC21-32000-C", "index_price": 31734.39, "direction": "sell", "amount": 0.2}, {"trade_seq": 374, "trade_id": "169124869", "timestamp": 1626581106781, "tick_direction": 2, "price": 0.229, "mark_price": 0.23069492, "iv": 82.54, "instrument_name": "BTC-31DEC21-32000-C", "index_price": 32188.3, "direction": "sell", "amount": 1.0}, {"trade_seq": 373, "trade_id": "169119644", "timestamp": 1626574678947, "tick_direction": 0, "price": 0.2325, "mark_price": 0.23128441, "iv": 83.61, "instrument_name": "BTC-31DEC21-32000-C", "index_price": 32229.46, "direction": "sell", "amount": 0.1}, {"trade_seq": 372, "trade_id": "168945913", "timestamp": 1626460177012, "tick_direction": 2, "price": 0.23, "mark_price": 0.22943289, "iv": 83.99, "instrument_name": "BTC-31DEC21-32000-C", "index_price": 31977.44, "direction": "sell", "amount": 0.1}, {"trade_seq": 371, "trade_id": "168930022", "timestamp": 1626451854607, "tick_direction": 0, "price": 0.2305, "mark_price": 0.23107767, "iv": 83.89, "instrument_name": "BTC-31DEC21-32000-C", "index_price": 32000.99, "direction": "sell", "amount": 0.5}, {"trade_seq": 370, "trade_id": "168880621", "timestamp": 1626434138138, "tick_direction": 2, "price": 0.2205, "mark_price": 0.22265103, "iv": 84.24, "instrument_name": "BTC-31DEC21-32000-C", "index_price": 31172.15, "direction": "buy", "amount": 0.2}, {"trade_seq": 369, "trade_id": "168873002", "timestamp": 1626431788258, "tick_direction": 2, "price": 0.224, "mark_price": 0.22157137, "iv": 85.34, "instrument_name": "BTC-31DEC21-32000-C", "index_price": 31220.79, "direction": "sell", "amount": 0.1}, {"trade_seq": 368, "trade_id": "168677878", "timestamp": 1626339782672, "tick_direction": 2, "price": 0.2395, "mark_price": 0.23988375, "iv": 85.76, "instrument_name": "BTC-31DEC21-32000-C", "index_price": 32349.29, "direction": "sell", "amount": 0.1}, {"trade_seq": 367, "trade_id": "168666285", "timestamp": 1626331181590, "tick_direction": 2, "price": 0.24, "mark_price": 0.24052515, "iv": 84.98, "instrument_name": "BTC-31DEC21-32000-C", "index_price": 32510.29, "direction": "sell", "amount": 0.1}, {"trade_seq": 366, "trade_id": "168664295", "timestamp": 1626329719584, "tick_direction": 2, "price": 0.2415, "mark_price": 0.24208487, "iv": 84.99, "instrument_name": "BTC-31DEC21-32000-C", "index_price": 32621.22, "direction": "sell", "amount": 0.1}, {"trade_seq": 365, "trade_id": "168481336", "timestamp": 1626221809859, "tick_direction": 3, "price": 0.25, "mark_price": 0.24948407, "iv": 87.26, "instrument_name": "BTC-31DEC21-32000-C", "index_price": 32644.59, "direction": "sell", "amount": 0.1}, {"trade_seq": 364, "trade_id": "168481334", "timestamp": 1626221805270, "tick_direction": 3, "price": 0.25, "mark_price": 0.24955256, "iv": 87.21, "instrument_name": "BTC-31DEC21-32000-C", "index_price": 32652.43, "direction": "sell", "amount": 0.1}, {"trade_seq": 363, "trade_id": "168432224", "timestamp": 1626191148196, "tick_direction": 2, "price": 0.25, "mark_price": 0.24946984, "iv": 87.47, "instrument_name": "BTC-31DEC21-32000-C", "index_price": 32742.28, "direction": "buy", "amount": 0.2}, {"trade_seq": 362, "trade_id": "168322663", "timestamp": 1626117184951, "tick_direction": 2, "price": 0.2615, "mark_price": 0.25987556, "iv": 88.49, "instrument_name": "BTC-31DEC21-32000-C", "index_price": 33267.28, "direction": "sell", "amount": 0.9}, {"trade_seq": 361, "trade_id": "168222440", "timestamp": 1626048121035, "tick_direction": 0, "price": 0.28, "mark_price": 0.27427832, "iv": 90.46, "instrument_name": "BTC-31DEC21-32000-C", "index_price": 34206.01, "direction": "sell", "amount": 0.1}, {"trade_seq": 360, "trade_id": "168039868", "timestamp": 1625875639528, "tick_direction": 1, "price": 0.274, "mark_price": 0.27402616, "iv": 89.25, "instrument_name": "BTC-31DEC21-32000-C", "index_price": 33890.28, "direction": "buy", "amount": 0.9}, {"trade_seq": 359, "trade_id": "168039864", "timestamp": 1625875633706, "tick_direction": 0, "price": 0.274, "mark_price": 0.27402529, "iv": 89.25, "instrument_name": "BTC-31DEC21-32000-C", "index_price": 33889.91, "direction": "buy", "amount": 0.1}, {"trade_seq": 358, "trade_id": "167814783", "timestamp": 1625731011628, "tick_direction": 3, "price": 0.264, "mark_price": 0.26448209, "iv": 91.72, "instrument_name": "BTC-31DEC21-32000-C", "index_price": 32481.39, "direction": "sell", "amount": 0.1}, {"trade_seq": 357, "trade_id": "167814770", "timestamp": 1625731011295, "tick_direction": 3, "price": 0.264, "mark_price": 0.26458007, "iv": 91.72, "instrument_name": "BTC-31DEC21-32000-C", "index_price": 32483.45, "direction": "sell", "amount": 0.1}, {"trade_seq": 356, "trade_id": "167814767", "timestamp": 1625731011043, "tick_direction": 3, "price": 0.264, "mark_price": 0.26458007, "iv": 91.68, "instrument_name": "BTC-31DEC21-32000-C", "index_price": 32483.45, "direction": "sell", "amount": 0.1}, {"trade_seq": 355, "trade_id": "167814755", "timestamp": 1625731010612, "tick_direction": 3, "price": 0.264, "mark_price": 0.26458007, "iv": 91.68, "instrument_name": "BTC-31DEC21-32000-C", "index_price": 32483.45, "direction": "sell", "amount": 0.1}, {"trade_seq": 354, "trade_id": "167814730", "timestamp": 1625731010169, "tick_direction": 3, "price": 0.264, "mark_price": 0.26457861, "iv": 91.68, "instrument_name": "BTC-31DEC21-32000-C", "index_price": 32490.84, "direction": "sell", "amount": 0.1}, {"trade_seq": 353, "trade_id": "167814649", "timestamp": 1625731003233, "tick_direction": 3, "price": 0.264, "mark_price": 0.264638, "iv": 91.65, "instrument_name": "BTC-31DEC21-32000-C", "index_price": 32497.32, "direction": "sell", "amount": 0.1}, {"trade_seq": 352, "trade_id": "167813704", "timestamp": 1625730771767, "tick_direction": 3, "price": 0.264, "mark_price": 0.26382938, "iv": 91.82, "instrument_name": "BTC-31DEC21-32000-C", "index_price": 32478.36, "direction": "sell", "amount": 0.1}, {"trade_seq": 351, "trade_id": "167813625", "timestamp": 1625730754066, "tick_direction": 3, "price": 0.264, "mark_price": 0.26388901, "iv": 91.8, "instrument_name": "BTC-31DEC21-32000-C", "index_price": 32481.44, "direction": "sell", "amount": 0.1}, {"trade_seq": 350, "trade_id": "167813530", "timestamp": 1625730729079, "tick_direction": 3, "price": 0.264, "mark_price": 0.26391271, "iv": 91.79, "instrument_name": "BTC-31DEC21-32000-C", "index_price": 32483.14, "direction": "sell", "amount": 0.1}, {"trade_seq": 349, "trade_id": "167813522", "timestamp": 1625730727448, "tick_direction": 2, "price": 0.264, "mark_price": 0.26403815, "iv": 91.76, "instrument_name": "BTC-31DEC21-32000-C", "index_price": 32486.69, "direction": "sell", "amount": 0.1}, {"trade_seq": 348, "trade_id": "167803963", "timestamp": 1625730047731, "tick_direction": 2, "price": 0.266, "mark_price": 0.26596988, "iv": 91.72, "instrument_name": "BTC-31DEC21-32000-C", "index_price": 32653.29, "direction": "sell", "amount": 0.3}, {"trade_seq": 347, "trade_id": "167778423", "timestamp": 1625723986414, "tick_direction": 2, "price": 0.27, "mark_price": 0.2699294, "iv": 91.41, "instrument_name": "BTC-31DEC21-32000-C", "index_price": 33055.42, "direction": "sell", "amount": 0.3}, {"trade_seq": 346, "trade_id": "167725195", "timestamp": 1625702901384, "tick_direction": 2, "price": 0.28, "mark_price": 0.27969041, "iv": 91.67, "instrument_name": "BTC-31DEC21-32000-C", "index_price": 33866.7, "direction": "buy", "amount": 0.1}, {"trade_seq": 345, "trade_id": "167663650", "timestamp": 1625663215903, "tick_direction": 1, "price": 0.293, "mark_price": 0.29292325, "iv": 91.74, "instrument_name": "BTC-31DEC21-32000-C", "index_price": 34851.89, "direction": "sell", "amount": 0.2}, {"trade_seq": 344, "trade_id": "167663210", "timestamp": 1625662773753, "tick_direction": 0, "price": 0.293, "mark_price": 0.29261884, "iv": 91.82, "instrument_name": "BTC-31DEC21-32000-C", "index_price": 34870.45, "direction": "sell", "amount": 0.2}, {"trade_seq": 343, "trade_id": "167575457", "timestamp": 1625608394013, "tick_direction": 2, "price": 0.279, "mark_price": 0.27982498, "iv": 92.29, "instrument_name": "BTC-31DEC21-32000-C", "index_price": 33663.92, "direction": "sell", "amount": 0.1}