{"trades": [{"trade_seq": 32, "trade_id": "138900527", "timestamp": 1616697149692, "tick_direction": 3, "price": 0.1925, "mark_price": 0.19229979, "iv": 226.16, "instrument_name": "BTC-26MAR21-42000-C", "index_price": 51944.59, "direction": "buy", "amount": 0.1}, {"trade_seq": 31, "trade_id": "138900526", "timestamp": 1616697149682, "tick_direction": 3, "price": 0.1925, "mark_price": 0.19229979, "iv": 226.16, "instrument_name": "BTC-26MAR21-42000-C", "index_price": 51944.59, "direction": "buy", "amount": 0.5}, {"trade_seq": 30, "trade_id": "138900332", "timestamp": 1616697119527, "tick_direction": 3, "price": 0.1925, "mark_price": 0.1922827, "iv": 218.53, "instrument_name": "BTC-26MAR21-42000-C", "index_price": 51947.54, "direction": "buy", "amount": 0.1}, {"trade_seq": 29, "trade_id": "138900330", "timestamp": 1616697119509, "tick_direction": 3, "price": 0.1925, "mark_price": 0.1922827, "iv": 218.53, "instrument_name": "BTC-26MAR21-42000-C", "index_price": 51947.54, "direction": "buy", "amount": 0.2}, {"trade_seq": 28, "trade_id": "138900328", "timestamp": 1616697119494, "tick_direction": 3, "price": 0.1925, "mark_price": 0.1922827, "iv": 218.53, "instrument_name": "BTC-26MAR21-42000-C", "index_price": 51947.54, "direction": "buy", "amount": 0.6}, {"trade_seq": 27, "trade_id": "138900246", "timestamp": 1616697112447, "tick_direction": 2, "price": 0.1925, "mark_price": 0.19218514, "iv": 223.24, "instrument_name": "BTC-26MAR21-42000-C", "index_price": 51945.41, "direction": "buy", "amount": 0.5}, {"trade_seq": 26, "trade_id": "138297349", "timestamp": 1616600945177, "tick_direction": 0, "price": 0.255, "mark_price": 0.25258164, "iv": 248.27, "instrument_name": "BTC-26MAR21-42000-C", "index_price": 56103.84, "direction": "buy", "amount": 1.0}, {"trade_seq": 25, "trade_id": "138070813", "timestamp": 1616537795947, "tick_direction": 0, "price": 0.231, "mark_price": 0.23339342, "iv": 0.0, "instrument_name": "BTC-26MAR21-42000-C", "index_price": 54664.95, "direction": "sell", "amount": 1.0}, {"trade_seq": 24, "trade_id": "138065098", "timestamp": 1616535870804, "tick_direction": 2, "price": 0.23, "mark_price": 0.23092678, "iv": 0.0, "instrument_name": "BTC-26MAR21-42000-C", "index_price": 54444.53, "direction": "buy", "amount": 1.0}, {"trade_seq": 23, "trade_id": "135788545", "timestamp": 1615732149090, "tick_direction": 1, "price": 0.317, "mark_price": 0.31585767, "iv": 129.37, "instrument_name": "BTC-26MAR21-42000-C", "index_price": 60224.49, "direction": "buy", "amount": 0.3}, {"trade_seq": 22, "trade_id": "135788544", "timestamp": 1615732148949, "tick_direction": 0, "price": 0.317, "mark_price": 0.31585767, "iv": 129.37, "instrument_name": "BTC-26MAR21-42000-C", "index_price": 60224.49, "direction": "buy", "amount": 0.9}, {"trade_seq": 21, "trade_id": "135094123", "timestamp": 1615489758762, "tick_direction": 2, "price": 0.287, "mark_price": 0.28612128, "iv": 122.88, "instrument_name": "BTC-26MAR21-42000-C", "index_price": 57487.49, "direction": "buy", "amount": 3.0}, {"trade_seq": 20, "trade_id": "135093389", "timestamp": 1615489267944, "tick_direction": 1, "price": 0.29, "mark_price": 0.28778254, "iv": 127.65, "instrument_name": "BTC-26MAR21-42000-C", "index_price": 57606.02, "direction": "sell", "amount": 1.0}, {"trade_seq": 19, "trade_id": "135093388", "timestamp": 1615489267939, "tick_direction": 0, "price": 0.29, "mark_price": 0.28778254, "iv": 127.65, "instrument_name": "BTC-26MAR21-42000-C", "index_price": 57606.02, "direction": "buy", "amount": 1.0}, {"trade_seq": 18, "trade_id": "133441620", "timestamp": 1614847144555, "tick_direction": 3, "price": 0.2005, "mark_price": 0.20244076, "iv": 95.26, "instrument_name": "BTC-26MAR21-42000-C", "index_price": 50459.8, "direction": "sell", "amount": 0.1}, {"trade_seq": 17, "trade_id": "133441617", "timestamp": 1614847144460, "tick_direction": 3, "price": 0.2005, "mark_price": 0.20243412, "iv": 95.26, "instrument_name": "BTC-26MAR21-42000-C", "index_price": 50459.8, "direction": "sell", "amount": 0.1}, {"trade_seq": 16, "trade_id": "133441608", "timestamp": 1614847143667, "tick_direction": 2, "price": 0.2005, "mark_price": 0.20243412, "iv": 95.26, "instrument_name": "BTC-26MAR21-42000-C", "index_price": 50459.8, "direction": "sell", "amount": 0.1}, {"trade_seq": 15, "trade_id": "132898721", "timestamp": 1614651062355, "tick_direction": 1, "price": 0.201, "mark_price": 0.20184402, "iv": 105.73, "instrument_name": "BTC-26MAR21-42000-C", "index_price": 49394.6, "direction": "sell", "amount": 0.2}, {"trade_seq": 14, "trade_id": "132898719", "timestamp": 1614651062213, "tick_direction": 1, "price": 0.201, "mark_price": 0.20188435, "iv": 105.71, "instrument_name": "BTC-26MAR21-42000-C", "index_price": 49396.02, "direction": "sell", "amount": 0.1}, {"trade_seq": 13, "trade_id": "132898712", "timestamp": 1614651060359, "tick_direction": 1, "price": 0.201, "mark_price": 0.20188887, "iv": 105.66, "instrument_name": "BTC-26MAR21-42000-C", "index_price": 49399.54, "direction": "sell", "amount": 0.1}, {"trade_seq": 12, "trade_id": "132898709", "timestamp": 1614651059453, "tick_direction": 1, "price": 0.201, "mark_price": 0.20198377, "iv": 105.65, "instrument_name": "BTC-26MAR21-42000-C", "index_price": 49400.27, "direction": "sell", "amount": 0.1}, {"trade_seq": 11, "trade_id": "132898708", "timestamp": 1614651059372, "tick_direction": 1, "price": 0.201, "mark_price": 0.20198377, "iv": 105.65, "instrument_name": "BTC-26MAR21-42000-C", "index_price": 49400.27, "direction": "sell", "amount": 0.1}, {"trade_seq": 10, "trade_id": "132898707", "timestamp": 1614651059302, "tick_direction": 1, "price": 0.201, "mark_price": 0.20198377, "iv": 105.52, "instrument_name": "BTC-26MAR21-42000-C", "index_price": 49407.53, "direction": "sell", "amount": 0.2}, {"trade_seq": 9, "trade_id": "132898706", "timestamp": 1614651059067, "tick_direction": 1, "price": 0.201, "mark_price": 0.20190932, "iv": 105.52, "instrument_name": "BTC-26MAR21-42000-C", "index_price": 49407.53, "direction": "sell", "amount": 0.1}, {"trade_seq": 8, "trade_id": "132898694", "timestamp": 1614651056028, "tick_direction": 0, "price": 0.201, "mark_price": 0.20202253, "iv": 105.48, "instrument_name": "BTC-26MAR21-42000-C", "index_price": 49410.2, "direction": "sell", "amount": 0.1}, {"trade_seq": 7, "trade_id": "132889541", "timestamp": 1614648381454, "tick_direction": 1, "price": 0.2005, "mark_price": 0.20025256, "iv": 106.95, "instrument_name": "BTC-26MAR21-42000-C", "index_price": 49285.11, "direction": "sell", "amount": 0.1}, {"trade_seq": 6, "trade_id": "132889536", "timestamp": 1614648381300, "tick_direction": 0, "price": 0.2005, "mark_price": 0.20026275, "iv": 106.95, "instrument_name": "BTC-26MAR21-42000-C", "index_price": 49285.11, "direction": "sell", "amount": 0.2}, {"trade_seq": 5, "trade_id": "132888622", "timestamp": 1614648039697, "tick_direction": 1, "price": 0.197, "mark_price": 0.19678813, "iv": 106.93, "instrument_name": "BTC-26MAR21-42000-C", "index_price": 48981.52, "direction": "sell", "amount": 0.1}, {"trade_seq": 4, "trade_id": "132888613", "timestamp": 1614648038987, "tick_direction": 1, "price": 0.197, "mark_price": 0.19678813, "iv": 106.91, "instrument_name": "BTC-26MAR21-42000-C", "index_price": 49001.36, "direction": "sell", "amount": 0.2}, {"trade_seq": 3, "trade_id": "132888612", "timestamp": 1614648038840, "tick_direction": 1, "price": 0.197, "mark_price": 0.19678813, "iv": 106.91, "instrument_name": "BTC-26MAR21-42000-C", "index_price": 49001.36, "direction": "sell", "amount": 0.1}, {"trade_seq": 2, "trade_id": "132888475", "timestamp": 1614648026109, "tick_direction": 1, "price": 0.197, "mark_price": 0.19665321, "iv": 107.04, "instrument_name": "BTC-26MAR21-42000-C", "index_price": 48998.22, "direction": "sell", "amount": 0.1}, {"trade_seq": 1, "trade_id": "132888474", "timestamp": 1614648026035, "tick_direction": 1, "price": 0.197, "mark_price": 0.19665321, "iv": 107.04, "instrument_name": "BTC-26MAR21-42000-C", "index_price": 48998.22, "direction": "sell", "amount": 0.2}], "has_more": false}