{"trades": [{"trade_seq": 8093, "trade_id": "138925339", "timestamp": 1616703034268, "tick_direction": 3, "price": 0.0005, "mark_price": 0.00019905, "iv": 100.34, "instrument_name": "BTC-26MAR21-56000-C", "index_price": 52285.62, "direction": "buy", "amount": 5.0}, {"trade_seq": 8092, "trade_id": "138902764", "timestamp": 1616697489713, "tick_direction": 3, "price": 0.0005, "mark_price": 0.00027295, "iv": 100.8, "instrument_name": "BTC-26MAR21-56000-C", "index_price": 51996.06, "direction": "sell", "amount": 0.3}, {"trade_seq": 8091, "trade_id": "138836074", "timestamp": 1616688794292, "tick_direction": 3, "price": 0.0005, "mark_price": 0.00025141, "iv": 108.87, "instrument_name": "BTC-26MAR21-56000-C", "index_price": 51117.06, "direction": "buy", "amount": 1.0}, {"trade_seq": 8090, "trade_id": "138783456", "timestamp": 1616682678620, "tick_direction": 3, "price": 0.0005, "mark_price": 0.00027083, "iv": 95.9, "instrument_name": "BTC-26MAR21-56000-C", "index_price": 51596.85, "direction": "sell", "amount": 2.0}, {"trade_seq": 8089, "trade_id": "138779317", "timestamp": 1616681517050, "tick_direction": 3, "price": 0.0005, "mark_price": 0.00059712, "iv": 87.46, "instrument_name": "BTC-26MAR21-56000-C", "index_price": 52008.24, "direction": "sell", "amount": 1.5}, {"trade_seq": 8088, "trade_id": "138779316", "timestamp": 1616681517048, "tick_direction": 3, "price": 0.0005, "mark_price": 0.00059712, "iv": 87.46, "instrument_name": "BTC-26MAR21-56000-C", "index_price": 52008.24, "direction": "sell", "amount": 1.6}, {"trade_seq": 8087, "trade_id": "138773298", "timestamp": 1616680703107, "tick_direction": 3, "price": 0.0005, "mark_price": 0.00063648, "iv": 94.99, "instrument_name": "BTC-26MAR21-56000-C", "index_price": 51572.25, "direction": "sell", "amount": 0.1}, {"trade_seq": 8086, "trade_id": "138773164", "timestamp": 1616680695346, "tick_direction": 3, "price": 0.0005, "mark_price": 0.00066647, "iv": 94.21, "instrument_name": "BTC-26MAR21-56000-C", "index_price": 51614.11, "direction": "sell", "amount": 0.1}, {"trade_seq": 8085, "trade_id": "138773163", "timestamp": 1616680695346, "tick_direction": 3, "price": 0.0005, "mark_price": 0.00066647, "iv": 94.21, "instrument_name": "BTC-26MAR21-56000-C", "index_price": 51614.11, "direction": "sell", "amount": 0.1}, {"trade_seq": 8084, "trade_id": "138772069", "timestamp": 1616680438276, "tick_direction": 3, "price": 0.0005, "mark_price": 0.0007259, "iv": 92.62, "instrument_name": "BTC-26MAR21-56000-C", "index_price": 51690.28, "direction": "sell", "amount": 0.6}, {"trade_seq": 8083, "trade_id": "138771939", "timestamp": 1616680403875, "tick_direction": 3, "price": 0.0005, "mark_price": 0.00071527, "iv": 92.84, "instrument_name": "BTC-26MAR21-56000-C", "index_price": 51689.51, "direction": "sell", "amount": 0.6}, {"trade_seq": 8082, "trade_id": "138771862", "timestamp": 1616680399510, "tick_direction": 3, "price": 0.0005, "mark_price": 0.00072709, "iv": 92.64, "instrument_name": "BTC-26MAR21-56000-C", "index_price": 51703.05, "direction": "sell", "amount": 0.6}, {"trade_seq": 8081, "trade_id": "138771496", "timestamp": 1616680323572, "tick_direction": 3, "price": 0.0005, "mark_price": 0.00077623, "iv": 91.59, "instrument_name": "BTC-26MAR21-56000-C", "index_price": 51731.07, "direction": "sell", "amount": 0.7}, {"trade_seq": 8080, "trade_id": "138771495", "timestamp": 1616680323571, "tick_direction": 3, "price": 0.0005, "mark_price": 0.00077623, "iv": 91.59, "instrument_name": "BTC-26MAR21-56000-C", "index_price": 51731.07, "direction": "sell", "amount": 0.7}, {"trade_seq": 8079, "trade_id": "138771491", "timestamp": 1616680321567, "tick_direction": 3, "price": 0.0005, "mark_price": 0.00077845, "iv": 91.66, "instrument_name": "BTC-26MAR21-56000-C", "index_price": 51729.71, "direction": "sell", "amount": 0.6}, {"trade_seq": 8078, "trade_id": "138771490", "timestamp": 1616680321565, "tick_direction": 3, "price": 0.0005, "mark_price": 0.00077845, "iv": 91.66, "instrument_name": "BTC-26MAR21-56000-C", "index_price": 51729.71, "direction": "sell", "amount": 0.6}, {"trade_seq": 8077, "trade_id": "138771489", "timestamp": 1616680321558, "tick_direction": 2, "price": 0.0005, "mark_price": 0.00077845, "iv": 91.66, "instrument_name": "BTC-26MAR21-56000-C", "index_price": 51729.71, "direction": "sell", "amount": 0.6}, {"trade_seq": 8076, "trade_id": "138769352", "timestamp": 1616679930895, "tick_direction": 1, "price": 0.001, "mark_price": 0.00085464, "iv": 104.28, "instrument_name": "BTC-26MAR21-56000-C", "index_price": 51684.22, "direction": "buy", "amount": 0.1}, {"trade_seq": 8075, "trade_id": "138765361", "timestamp": 1616679586276, "tick_direction": 1, "price": 0.001, "mark_price": 0.00081968, "iv": 106.02, "instrument_name": "BTC-26MAR21-56000-C", "index_price": 51597.12, "direction": "sell", "amount": 0.5}, {"trade_seq": 8074, "trade_id": "138764451", "timestamp": 1616679470914, "tick_direction": 1, "price": 0.001, "mark_price": 0.00085984, "iv": 105.02, "instrument_name": "BTC-26MAR21-56000-C", "index_price": 51663.01, "direction": "buy", "amount": 0.5}, {"trade_seq": 8073, "trade_id": "138764033", "timestamp": 1616679423642, "tick_direction": 1, "price": 0.001, "mark_price": 0.00091131, "iv": 104.12, "instrument_name": "BTC-26MAR21-56000-C", "index_price": 51691.91, "direction": "buy", "amount": 0.5}, {"trade_seq": 8072, "trade_id": "138763865", "timestamp": 1616679415162, "tick_direction": 1, "price": 0.001, "mark_price": 0.00090111, "iv": 104.24, "instrument_name": "BTC-26MAR21-56000-C", "index_price": 51679.59, "direction": "buy", "amount": 0.4}, {"trade_seq": 8071, "trade_id": "138763864", "timestamp": 1616679415162, "tick_direction": 1, "price": 0.001, "mark_price": 0.00090111, "iv": 104.24, "instrument_name": "BTC-26MAR21-56000-C", "index_price": 51679.59, "direction": "buy", "amount": 0.1}, {"trade_seq": 8070, "trade_id": "138760004", "timestamp": 1616679190096, "tick_direction": 1, "price": 0.001, "mark_price": 0.00068794, "iv": 110.55, "instrument_name": "BTC-26MAR21-56000-C", "index_price": 51367.43, "direction": "buy", "amount": 1.4}, {"trade_seq": 8069, "trade_id": "138760003", "timestamp": 1616679190096, "tick_direction": 1, "price": 0.001, "mark_price": 0.00068794, "iv": 110.55, "instrument_name": "BTC-26MAR21-56000-C", "index_price": 51367.43, "direction": "buy", "amount": 0.1}, {"trade_seq": 8068, "trade_id": "138760002", "timestamp": 1616679190096, "tick_direction": 0, "price": 0.001, "mark_price": 0.00068794, "iv": 110.55, "instrument_name": "BTC-26MAR21-56000-C", "index_price": 51367.43, "direction": "buy", "amount": 0.5}, {"trade_seq": 8067, "trade_id": "138740023", "timestamp": 1616676942265, "tick_direction": 3, "price": 0.0005, "mark_price": 0.00019916, "iv": 103.57, "instrument_name": "BTC-26MAR21-56000-C", "index_price": 50946.09, "direction": "buy", "amount": 0.1}, {"trade_seq": 8066, "trade_id": "138739986", "timestamp": 1616676936773, "tick_direction": 3, "price": 0.0005, "mark_price": 0.00019068, "iv": 104.11, "instrument_name": "BTC-26MAR21-56000-C", "index_price": 50914.87, "direction": "buy", "amount": 0.1}, {"trade_seq": 8065, "trade_id": "138739944", "timestamp": 1616676930026, "tick_direction": 3, "price": 0.0005, "mark_price": 0.00020591, "iv": 102.92, "instrument_name": "BTC-26MAR21-56000-C", "index_price": 50953.89, "direction": "buy", "amount": 0.1}, {"trade_seq": 8064, "trade_id": "138739867", "timestamp": 1616676924624, "tick_direction": 3, "price": 0.0005, "mark_price": 0.00020025, "iv": 103.37, "instrument_name": "BTC-26MAR21-56000-C", "index_price": 50951.99, "direction": "buy", "amount": 0.1}, {"trade_seq": 8063, "trade_id": "138739800", "timestamp": 1616676906495, "tick_direction": 3, "price": 0.0005, "mark_price": 0.00019623, "iv": 103.53, "instrument_name": "BTC-26MAR21-56000-C", "index_price": 50943.65, "direction": "buy", "amount": 0.1}, {"trade_seq": 8062, "trade_id": "138739134", "timestamp": 1616676833332, "tick_direction": 3, "price": 0.0005, "mark_price": 0.00019932, "iv": 102.86, "instrument_name": "BTC-26MAR21-56000-C", "index_price": 50986.91, "direction": "buy", "amount": 0.1}, {"trade_seq": 8061, "trade_id": "138738747", "timestamp": 1616676779623, "tick_direction": 3, "price": 0.0005, "mark_price": 0.00024138, "iv": 99.93, "instrument_name": "BTC-26MAR21-56000-C", "index_price": 51144.64, "direction": "buy", "amount": 0.1}, {"trade_seq": 8060, "trade_id": "138738518", "timestamp": 1616676748992, "tick_direction": 3, "price": 0.0005, "mark_price": 0.00026628, "iv": 98.38, "instrument_name": "BTC-26MAR21-56000-C", "index_price": 51235.62, "direction": "buy", "amount": 0.1}, {"trade_seq": 8059, "trade_id": "138729532", "timestamp": 1616676028820, "tick_direction": 3, "price": 0.0005, "mark_price": 9.514e-05, "iv": 107.89, "instrument_name": "BTC-26MAR21-56000-C", "index_price": 50672.94, "direction": "buy", "amount": 0.1}, {"trade_seq": 8058, "trade_id": "138728031", "timestamp": 1616675960980, "tick_direction": 2, "price": 0.0005, "mark_price": 9.466e-05, "iv": 107.71, "instrument_name": "BTC-26MAR21-56000-C", "index_price": 50645.43, "direction": "buy", "amount": 0.1}, {"trade_seq": 8057, "trade_id": "138711826", "timestamp": 1616675154572, "tick_direction": 1, "price": 0.001, "mark_price": 0.0002234, "iv": 109.53, "instrument_name": "BTC-26MAR21-56000-C", "index_price": 51245.74, "direction": "buy", "amount": 2.9}, {"trade_seq": 8056, "trade_id": "138711825", "timestamp": 1616675154572, "tick_direction": 1, "price": 0.001, "mark_price": 0.0002234, "iv": 109.53, "instrument_name": "BTC-26MAR21-56000-C", "index_price": 51245.74, "direction": "buy", "amount": 0.1}, {"trade_seq": 8055, "trade_id": "138711824", "timestamp": 1616675154572, "tick_direction": 0, "price": 0.001, "mark_price": 0.0002234, "iv": 109.53, "instrument_name": "BTC-26MAR21-56000-C", "index_price": 51245.74, "direction": "buy", "amount": 2.0}, {"trade_seq": 8054, "trade_id": "138708691", "timestamp": 1616674819173, "tick_direction": 3, "price": 0.0005, "mark_price": 0.00032224, "iv": 93.26, "instrument_name": "BTC-26MAR21-56000-C", "index_price": 51413.75, "direction": "buy", "amount": 0.1}, {"trade_seq": 8053, "trade_id": "138703888", "timestamp": 1616674480749, "tick_direction": 3, "price": 0.0005, "mark_price": 0.00031729, "iv": 98.3, "instrument_name": "BTC-26MAR21-56000-C", "index_price": 51117.67, "direction": "sell", "amount": 0.1}, {"trade_seq": 8052, "trade_id": "138703049", "timestamp": 1616674430074, "tick_direction": 3, "price": 0.0005, "mark_price": 0.00034746, "iv": 97.62, "instrument_name": "BTC-26MAR21-56000-C", "index_price": 51136.15, "direction": "buy", "amount": 2.9}, {"trade_seq": 8051, "trade_id": "138703048", "timestamp": 1616674430012, "tick_direction": 3, "price": 0.0005, "mark_price": 0.00034746, "iv": 97.62, "instrument_name": "BTC-26MAR21-56000-C", "index_price": 51136.15, "direction": "sell", "amount": 0.1}, {"trade_seq": 8050, "trade_id": "138703047", "timestamp": 1616674430012, "tick_direction": 3, "price": 0.0005, "mark_price": 0.00034746, "iv": 97.62, "instrument_name": "BTC-26MAR21-56000-C", "index_price": 51136.15, "direction": "sell", "amount": 0.2}, {"trade_seq": 8049, "trade_id": "138703010", "timestamp": 1616674427429, "tick_direction": 3, "price": 0.0005, "mark_price": 0.00034514, "iv": 97.7, "instrument_name": "BTC-26MAR21-56000-C", "index_price": 51149.35, "direction": "sell", "amount": 0.3}, {"trade_seq": 8048, "trade_id": "138703009", "timestamp": 1616674427429, "tick_direction": 3, "price": 0.0005, "mark_price": 0.00034514, "iv": 97.7, "instrument_name": "BTC-26MAR21-56000-C", "index_price": 51149.35, "direction": "sell", "amount": 5.0}, {"trade_seq": 8047, "trade_id": "138703008", "timestamp": 1616674427429, "tick_direction": 3, "price": 0.0005, "mark_price": 0.00034514, "iv": 97.7, "instrument_name": "BTC-26MAR21-56000-C", "index_price": 51149.35, "direction": "sell", "amount": 0.1}, {"trade_seq": 8046, "trade_id": "138703007", "timestamp": 1616674427429, "tick_direction": 2, "price": 0.0005, "mark_price": 0.00034514, "iv": 97.7, "instrument_name": "BTC-26MAR21-56000-C", "index_price": 51149.35, "direction": "sell", "amount": 0.2}, {"trade_seq": 8045, "trade_id": "138691284", "timestamp": 1616672998855, "tick_direction": 1, "price": 0.0015, "mark_price": 0.00110465, "iv": 94.01, "instrument_name": "BTC-26MAR21-56000-C", "index_price": 52379.75, "direction": "sell", "amount": 0.1}, {"trade_seq": 8044, "trade_id": "138691283", "timestamp": 1616672998848, "tick_direction": 0, "price": 0.0015, "mark_price": 0.00110465, "iv": 94.01, "instrument_name": "BTC-26MAR21-56000-C", "index_price": 52379.75, "direction": "buy", "amount": 0.1}, {"trade_seq": 8043, "trade_id": "138690928", "timestamp": 1616672927857, "tick_direction": 3, "price": 0.001, "mark_price": 0.00101327, "iv": 87.68, "instrument_name": "BTC-26MAR21-56000-C", "index_price": 52285.18, "direction": "sell", "amount": 0.1}, {"trade_seq": 8042, "trade_id": "138690927", "timestamp": 1616672927857, "tick_direction": 3, "price": 0.001, "mark_price": 0.00101327, "iv": 87.68, "instrument_name": "BTC-26MAR21-56000-C", "index_price": 52285.18, "direction": "sell", "amount": 0.2}, {"trade_seq": 8041, "trade_id": "138690926", "timestamp": 1616672927857, "tick_direction": 2, "price": 0.001, "mark_price": 0.00101327, "iv": 87.68, "instrument_name": "BTC-26MAR21-56000-C", "index_price": 52285.18, "direction": "sell", "amount": 0.1}, {"trade_seq": 8040, "trade_id": "138680679", "timestamp": 1616670088662, "tick_direction": 1, "price": 0.0015, "mark_price": 0.00147734, "iv": 80.49, "instrument_name": "BTC-26MAR21-56000-C", "index_price": 52962.7, "direction": "sell", "amount": 0.1}, {"trade_seq": 8039, "trade_id": "138680678", "timestamp": 1616670088613, "tick_direction": 1, "price": 0.0015, "mark_price": 0.00147734, "iv": 80.49, "instrument_name": "BTC-26MAR21-56000-C", "index_price": 52962.7, "direction": "sell", "amount": 0.1}, {"trade_seq": 8038, "trade_id": "138680677", "timestamp": 1616670088499, "tick_direction": 1, "price": 0.0015, "mark_price": 0.00147734, "iv": 80.49, "instrument_name": "BTC-26MAR21-56000-C", "index_price": 52975.52, "direction": "sell", "amount": 0.1}, {"trade_seq": 8037, "trade_id": "138680435", "timestamp": 1616670049124, "tick_direction": 1, "price": 0.0015, "mark_price": 0.00157692, "iv": 79.01, "instrument_name": "BTC-26MAR21-56000-C", "index_price": 53040.04, "direction": "buy", "amount": 0.4}, {"trade_seq": 8036, "trade_id": "138666496", "timestamp": 1616665767325, "tick_direction": 1, "price": 0.0015, "mark_price": 0.00149608, "iv": 82.48, "instrument_name": "BTC-26MAR21-56000-C", "index_price": 52811.17, "direction": "sell", "amount": 0.2}, {"trade_seq": 8035, "trade_id": "138666495", "timestamp": 1616665767305, "tick_direction": 1, "price": 0.0015, "mark_price": 0.00149608, "iv": 82.48, "instrument_name": "BTC-26MAR21-56000-C", "index_price": 52811.17, "direction": "buy", "amount": 0.8}, {"trade_seq": 8034, "trade_id": "138666131", "timestamp": 1616665595000, "tick_direction": 1, "price": 0.0015, "mark_price": 0.00152859, "iv": 83.05, "instrument_name": "BTC-26MAR21-56000-C", "index_price": 52784.04, "direction": "buy", "amount": 1.0}, {"trade_seq": 8033, "trade_id": "138666045", "timestamp": 1616665586400, "tick_direction": 0, "price": 0.0015, "mark_price": 0.00148669, "iv": 83.57, "instrument_name": "BTC-26MAR21-56000-C", "index_price": 52753.8, "direction": "buy", "amount": 0.1}, {"trade_seq": 8032, "trade_id": "138647880", "timestamp": 1616660032431, "tick_direction": 3, "price": 0.001, "mark_price": 0.00129635, "iv": 81.69, "instrument_name": "BTC-26MAR21-56000-C", "index_price": 52307.29, "direction": "buy", "amount": 0.2}, {"trade_seq": 8031, "trade_id": "138647879", "timestamp": 1616660032426, "tick_direction": 3, "price": 0.001, "mark_price": 0.00129635, "iv": 81.69, "instrument_name": "BTC-26MAR21-56000-C", "index_price": 52307.29, "direction": "buy", "amount": 0.9}, {"trade_seq": 8030, "trade_id": "138647878", "timestamp": 1616660032424, "tick_direction": 3, "price": 0.001, "mark_price": 0.00129635, "iv": 81.69, "instrument_name": "BTC-26MAR21-56000-C", "index_price": 52307.29, "direction": "sell", "amount": 0.6}, {"trade_seq": 8029, "trade_id": "138647698", "timestamp": 1616660014951, "tick_direction": 3, "price": 0.001, "mark_price": 0.00118163, "iv": 83.21, "instrument_name": "BTC-26MAR21-56000-C", "index_price": 52221.23, "direction": "buy", "amount": 0.2}, {"trade_seq": 8028, "trade_id": "138647692", "timestamp": 1616660014935, "tick_direction": 3, "price": 0.001, "mark_price": 0.00118163, "iv": 83.21, "instrument_name": "BTC-26MAR21-56000-C", "index_price": 52221.23, "direction": "sell", "amount": 3.1}, {"trade_seq": 8027, "trade_id": "138647651", "timestamp": 1616660007094, "tick_direction": 3, "price": 0.001, "mark_price": 0.00120568, "iv": 82.79, "instrument_name": "BTC-26MAR21-56000-C", "index_price": 52241.31, "direction": "buy", "amount": 1.3}, {"trade_seq": 8026, "trade_id": "138647650", "timestamp": 1616660007087, "tick_direction": 3, "price": 0.001, "mark_price": 0.00120568, "iv": 82.79, "instrument_name": "BTC-26MAR21-56000-C", "index_price": 52241.31, "direction": "buy", "amount": 1.8}, {"trade_seq": 8025, "trade_id": "138647649", "timestamp": 1616660007078, "tick_direction": 3, "price": 0.001, "mark_price": 0.00120568, "iv": 82.79, "instrument_name": "BTC-26MAR21-56000-C", "index_price": 52241.31, "direction": "sell", "amount": 0.5}, {"trade_seq": 8024, "trade_id": "138646347", "timestamp": 1616659722933, "tick_direction": 3, "price": 0.001, "mark_price": 0.00123723, "iv": 81.85, "instrument_name": "BTC-26MAR21-56000-C", "index_price": 52309.35, "direction": "sell", "amount": 0.2}, {"trade_seq": 8023, "trade_id": "138645994", "timestamp": 1616659628010, "tick_direction": 3, "price": 0.001, "mark_price": 0.0011779, "iv": 82.71, "instrument_name": "BTC-26MAR21-56000-C", "index_price": 52230.31, "direction": "buy", "amount": 0.1}, {"trade_seq": 8022, "trade_id": "138645993", "timestamp": 1616659627971, "tick_direction": 3, "price": 0.001, "mark_price": 0.0011779, "iv": 82.71, "instrument_name": "BTC-26MAR21-56000-C", "index_price": 52230.31, "direction": "sell", "amount": 0.7}, {"trade_seq": 8021, "trade_id": "138645854", "timestamp": 1616659606689, "tick_direction": 3, "price": 0.001, "mark_price": 0.00117781, "iv": 82.63, "instrument_name": "BTC-26MAR21-56000-C", "index_price": 52245.89, "direction": "buy", "amount": 4.0}, {"trade_seq": 8020, "trade_id": "138645761", "timestamp": 1616659572593, "tick_direction": 3, "price": 0.001, "mark_price": 0.001155, "iv": 83.16, "instrument_name": "BTC-26MAR21-56000-C", "index_price": 52222.02, "direction": "buy", "amount": 0.2}, {"trade_seq": 8019, "trade_id": "138645760", "timestamp": 1616659572581, "tick_direction": 3, "price": 0.001, "mark_price": 0.001155, "iv": 83.16, "instrument_name": "BTC-26MAR21-56000-C", "index_price": 52222.02, "direction": "buy", "amount": 0.5}, {"trade_seq": 8018, "trade_id": "138645316", "timestamp": 1616659469751, "tick_direction": 3, "price": 0.001, "mark_price": 0.00117259, "iv": 83.55, "instrument_name": "BTC-26MAR21-56000-C", "index_price": 52185.5, "direction": "buy", "amount": 0.1}, {"trade_seq": 8017, "trade_id": "138645302", "timestamp": 1616659469398, "tick_direction": 3, "price": 0.001, "mark_price": 0.00117503, "iv": 83.55, "instrument_name": "BTC-26MAR21-56000-C", "index_price": 52185.5, "direction": "buy", "amount": 0.1}, {"trade_seq": 8016, "trade_id": "138645290", "timestamp": 1616659469246, "tick_direction": 3, "price": 0.001, "mark_price": 0.00117503, "iv": 83.55, "instrument_name": "BTC-26MAR21-56000-C", "index_price": 52185.5, "direction": "buy", "amount": 0.1}, {"trade_seq": 8015, "trade_id": "138644290", "timestamp": 1616659370148, "tick_direction": 3, "price": 0.001, "mark_price": 0.00135294, "iv": 81.44, "instrument_name": "BTC-26MAR21-56000-C", "index_price": 52288.51, "direction": "sell", "amount": 0.1}, {"trade_seq": 8014, "trade_id": "138644289", "timestamp": 1616659370148, "tick_direction": 2, "price": 0.001, "mark_price": 0.00135294, "iv": 81.44, "instrument_name": "BTC-26MAR21-56000-C", "index_price": 52288.51, "direction": "sell", "amount": 0.5}, {"trade_seq": 8013, "trade_id": "138637920", "timestamp": 1616658722365, "tick_direction": 1, "price": 0.002, "mark_price": 0.00160748, "iv": 90.96, "instrument_name": "BTC-26MAR21-56000-C", "index_price": 52500.82, "direction": "sell", "amount": 1.1}, {"trade_seq": 8012, "trade_id": "138637873", "timestamp": 1616658718362, "tick_direction": 1, "price": 0.002, "mark_price": 0.00158735, "iv": 91.2, "instrument_name": "BTC-26MAR21-56000-C", "index_price": 52483.25, "direction": "sell", "amount": 1.5}, {"trade_seq": 8011, "trade_id": "138637868", "timestamp": 1616658718162, "tick_direction": 1, "price": 0.002, "mark_price": 0.00158085, "iv": 91.2, "instrument_name": "BTC-26MAR21-56000-C", "index_price": 52483.25, "direction": "sell", "amount": 1.5}, {"trade_seq": 8010, "trade_id": "138637846", "timestamp": 1616658713283, "tick_direction": 1, "price": 0.002, "mark_price": 0.00157458, "iv": 91.32, "instrument_name": "BTC-26MAR21-56000-C", "index_price": 52476.96, "direction": "sell", "amount": 0.3}, {"trade_seq": 8009, "trade_id": "138637831", "timestamp": 1616658710177, "tick_direction": 1, "price": 0.002, "mark_price": 0.00157231, "iv": 91.35, "instrument_name": "BTC-26MAR21-56000-C", "index_price": 52475.06, "direction": "sell", "amount": 0.1}, {"trade_seq": 8008, "trade_id": "138637825", "timestamp": 1616658708892, "tick_direction": 1, "price": 0.002, "mark_price": 0.0015714, "iv": 91.35, "instrument_name": "BTC-26MAR21-56000-C", "index_price": 52474.79, "direction": "sell", "amount": 0.1}, {"trade_seq": 8007, "trade_id": "138637815", "timestamp": 1616658707530, "tick_direction": 1, "price": 0.002, "mark_price": 0.00156452, "iv": 91.44, "instrument_name": "BTC-26MAR21-56000-C", "index_price": 52474.99, "direction": "sell", "amount": 0.1}, {"trade_seq": 8006, "trade_id": "138637802", "timestamp": 1616658704355, "tick_direction": 1, "price": 0.002, "mark_price": 0.00156315, "iv": 91.44, "instrument_name": "BTC-26MAR21-56000-C", "index_price": 52470.11, "direction": "sell", "amount": 0.3}, {"trade_seq": 8005, "trade_id": "138637779", "timestamp": 1616658698918, "tick_direction": 1, "price": 0.002, "mark_price": 0.00157416, "iv": 91.25, "instrument_name": "BTC-26MAR21-56000-C", "index_price": 52474.92, "direction": "sell", "amount": 0.2}, {"trade_seq": 8004, "trade_id": "138637747", "timestamp": 1616658697040, "tick_direction": 1, "price": 0.002, "mark_price": 0.00156664, "iv": 91.34, "instrument_name": "BTC-26MAR21-56000-C", "index_price": 52482.58, "direction": "sell", "amount": 0.3}, {"trade_seq": 8003, "trade_id": "138637746", "timestamp": 1616658696827, "tick_direction": 1, "price": 0.002, "mark_price": 0.00156664, "iv": 91.34, "instrument_name": "BTC-26MAR21-56000-C", "index_price": 52482.58, "direction": "sell", "amount": 0.1}, {"trade_seq": 8002, "trade_id": "138637693", "timestamp": 1616658689635, "tick_direction": 1, "price": 0.002, "mark_price": 0.00154993, "iv": 91.52, "instrument_name": "BTC-26MAR21-56000-C", "index_price": 52466.95, "direction": "sell", "amount": 0.3}, {"trade_seq": 8001, "trade_id": "138637596", "timestamp": 1616658676574, "tick_direction": 1, "price": 0.002, "mark_price": 0.00149664, "iv": 92.18, "instrument_name": "BTC-26MAR21-56000-C", "index_price": 52454.93, "direction": "sell", "amount": 0.3}, {"trade_seq": 8000, "trade_id": "138637482", "timestamp": 1616658672009, "tick_direction": 1, "price": 0.002, "mark_price": 0.00152381, "iv": 91.77, "instrument_name": "BTC-26MAR21-56000-C", "index_price": 52454.01, "direction": "sell", "amount": 0.1}, {"trade_seq": 7999, "trade_id": "138637481", "timestamp": 1616658671979, "tick_direction": 1, "price": 0.002, "mark_price": 0.00152381, "iv": 91.77, "instrument_name": "BTC-26MAR21-56000-C", "index_price": 52454.01, "direction": "sell", "amount": 0.2}, {"trade_seq": 7998, "trade_id": "138637473", "timestamp": 1616658671756, "tick_direction": 1, "price": 0.002, "mark_price": 0.00152381, "iv": 91.77, "instrument_name": "BTC-26MAR21-56000-C", "index_price": 52454.01, "direction": "sell", "amount": 0.5}, {"trade_seq": 7997, "trade_id": "138637467", "timestamp": 1616658671669, "tick_direction": 1, "price": 0.002, "mark_price": 0.00152381, "iv": 91.77, "instrument_name": "BTC-26MAR21-56000-C", "index_price": 52454.01, "direction": "sell", "amount": 0.2}, {"trade_seq": 7996, "trade_id": "138637377", "timestamp": 1616658670479, "tick_direction": 1, "price": 0.002, "mark_price": 0.00152281, "iv": 91.78, "instrument_name": "BTC-26MAR21-56000-C", "index_price": 52461.49, "direction": "sell", "amount": 0.2}, {"trade_seq": 7995, "trade_id": "138637371", "timestamp": 1616658670092, "tick_direction": 1, "price": 0.002, "mark_price": 0.0015345, "iv": 91.78, "instrument_name": "BTC-26MAR21-56000-C", "index_price": 52461.49, "direction": "sell", "amount": 0.1}, {"trade_seq": 7994, "trade_id": "138637350", "timestamp": 1616658669570, "tick_direction": 1, "price": 0.002, "mark_price": 0.0015345, "iv": 91.61, "instrument_name": "BTC-26MAR21-56000-C", "index_price": 52466.55, "direction": "sell", "amount": 0.1}, {"trade_seq": 7993, "trade_id": "138637347", "timestamp": 1616658669206, "tick_direction": 1, "price": 0.002, "mark_price": 0.00153248, "iv": 91.61, "instrument_name": "BTC-26MAR21-56000-C", "index_price": 52466.55, "direction": "sell", "amount": 0.3}, {"trade_seq": 7992, "trade_id": "138637338", "timestamp": 1616658666338, "tick_direction": 1, "price": 0.002, "mark_price": 0.00154173, "iv": 91.49, "instrument_name": "BTC-26MAR21-56000-C", "index_price": 52476.08, "direction": "sell", "amount": 0.1}, {"trade_seq": 7991, "trade_id": "138637326", "timestamp": 1616658665020, "tick_direction": 1, "price": 0.002, "mark_price": 0.00156739, "iv": 91.24, "instrument_name": "BTC-26MAR21-56000-C", "index_price": 52476.32, "direction": "sell", "amount": 0.1}, {"trade_seq": 7990, "trade_id": "138637298", "timestamp": 1616658663584, "tick_direction": 1, "price": 0.002, "mark_price": 0.00158595, "iv": 90.88, "instrument_name": "BTC-26MAR21-56000-C", "index_price": 52494.04, "direction": "sell", "amount": 0.2}, {"trade_seq": 7989, "trade_id": "138636980", "timestamp": 1616658644753, "tick_direction": 1, "price": 0.002, "mark_price": 0.00158598, "iv": 90.76, "instrument_name": "BTC-26MAR21-56000-C", "index_price": 52519.05, "direction": "sell", "amount": 0.8}, {"trade_seq": 7988, "trade_id": "138636979", "timestamp": 1616658644744, "tick_direction": 1, "price": 0.002, "mark_price": 0.00158598, "iv": 90.76, "instrument_name": "BTC-26MAR21-56000-C", "index_price": 52519.05, "direction": "buy", "amount": 0.8}, {"trade_seq": 7987, "trade_id": "138636978", "timestamp": 1616658644744, "tick_direction": 0, "price": 0.002, "mark_price": 0.00158598, "iv": 90.76, "instrument_name": "BTC-26MAR21-56000-C", "index_price": 52519.05, "direction": "buy", "amount": 0.1}, {"trade_seq": 7986, "trade_id": "138636694", "timestamp": 1616658624533, "tick_direction": 3, "price": 0.0015, "mark_price": 0.00159124, "iv": 84.56, "instrument_name": "BTC-26MAR21-56000-C", "index_price": 52528.53, "direction": "sell", "amount": 0.1}, {"trade_seq": 7985, "trade_id": "138636017", "timestamp": 1616658586411, "tick_direction": 2, "price": 0.0015, "mark_price": 0.00183159, "iv": 81.69, "instrument_name": "BTC-26MAR21-56000-C", "index_price": 52652.66, "direction": "sell", "amount": 0.1}, {"trade_seq": 7984, "trade_id": "138634849", "timestamp": 1616658451865, "tick_direction": 2, "price": 0.002, "mark_price": 0.00197157, "iv": 86.14, "instrument_name": "BTC-26MAR21-56000-C", "index_price": 52726.38, "direction": "sell", "amount": 0.1}, {"trade_seq": 7983, "trade_id": "138621277", "timestamp": 1616654192868, "tick_direction": 3, "price": 0.0025, "mark_price": 0.00300017, "iv": 86.12, "instrument_name": "BTC-26MAR21-56000-C", "index_price": 52864.15, "direction": "sell", "amount": 0.1}, {"trade_seq": 7982, "trade_id": "138621225", "timestamp": 1616654155951, "tick_direction": 3, "price": 0.0025, "mark_price": 0.00310315, "iv": 85.82, "instrument_name": "BTC-26MAR21-56000-C", "index_price": 52880.64, "direction": "sell", "amount": 0.1}, {"trade_seq": 7981, "trade_id": "138621168", "timestamp": 1616654150790, "tick_direction": 3, "price": 0.0025, "mark_price": 0.00311578, "iv": 85.29, "instrument_name": "BTC-26MAR21-56000-C", "index_price": 52902.2, "direction": "sell", "amount": 0.1}, {"trade_seq": 7980, "trade_id": "138620980", "timestamp": 1616654092850, "tick_direction": 2, "price": 0.0025, "mark_price": 0.00304244, "iv": 86.2, "instrument_name": "BTC-26MAR21-56000-C", "index_price": 52854.52, "direction": "sell", "amount": 0.1}, {"trade_seq": 7979, "trade_id": "138619055", "timestamp": 1616653784823, "tick_direction": 3, "price": 0.0035, "mark_price": 0.00367168, "iv": 90.24, "instrument_name": "BTC-26MAR21-56000-C", "index_price": 53071.32, "direction": "sell", "amount": 0.1}, {"trade_seq": 7978, "trade_id": "138618511", "timestamp": 1616653384544, "tick_direction": 3, "price": 0.0035, "mark_price": 0.00387882, "iv": 89.04, "instrument_name": "BTC-26MAR21-56000-C", "index_price": 53135.46, "direction": "sell", "amount": 0.1}, {"trade_seq": 7977, "trade_id": "138618509", "timestamp": 1616653379653, "tick_direction": 2, "price": 0.0035, "mark_price": 0.0038819, "iv": 89.01, "instrument_name": "BTC-26MAR21-56000-C", "index_price": 53138.31, "direction": "sell", "amount": 2.5}, {"trade_seq": 7976, "trade_id": "138617781", "timestamp": 1616653078997, "tick_direction": 1, "price": 0.004, "mark_price": 0.00393718, "iv": 92.84, "instrument_name": "BTC-26MAR21-56000-C", "index_price": 53119.45, "direction": "sell", "amount": 0.2}, {"trade_seq": 7975, "trade_id": "138617780", "timestamp": 1616653078997, "tick_direction": 0, "price": 0.004, "mark_price": 0.00393718, "iv": 92.84, "instrument_name": "BTC-26MAR21-56000-C", "index_price": 53119.45, "direction": "sell", "amount": 0.8}, {"trade_seq": 7974, "trade_id": "138617002", "timestamp": 1616652838491, "tick_direction": 1, "price": 0.0035, "mark_price": 0.00394737, "iv": 88.78, "instrument_name": "BTC-26MAR21-56000-C", "index_price": 53115.58, "direction": "sell", "amount": 0.3}, {"trade_seq": 7973, "trade_id": "138617001", "timestamp": 1616652838491, "tick_direction": 1, "price": 0.0035, "mark_price": 0.00394737, "iv": 88.78, "instrument_name": "BTC-26MAR21-56000-C", "index_price": 53115.58, "direction": "sell", "amount": 0.1}, {"trade_seq": 7972, "trade_id": "138615533", "timestamp": 1616652428476, "tick_direction": 0, "price": 0.0035, "mark_price": 0.00358555, "iv": 92.06, "instrument_name": "BTC-26MAR21-56000-C", "index_price": 52955.75, "direction": "buy", "amount": 0.1}, {"trade_seq": 7971, "trade_id": "138613403", "timestamp": 1616651353261, "tick_direction": 3, "price": 0.003, "mark_price": 0.00333891, "iv": 92.59, "instrument_name": "BTC-26MAR21-56000-C", "index_price": 52702.83, "direction": "buy", "amount": 0.1}, {"trade_seq": 7970, "trade_id": "138613051", "timestamp": 1616651188274, "tick_direction": 3, "price": 0.003, "mark_price": 0.00325192, "iv": 93.78, "instrument_name": "BTC-26MAR21-56000-C", "index_price": 52653.53, "direction": "buy", "amount": 0.1}, {"trade_seq": 7969, "trade_id": "138613042", "timestamp": 1616651184676, "tick_direction": 3, "price": 0.003, "mark_price": 0.00326056, "iv": 93.67, "instrument_name": "BTC-26MAR21-56000-C", "index_price": 52656.26, "direction": "buy", "amount": 0.8}, {"trade_seq": 7968, "trade_id": "138613021", "timestamp": 1616651161474, "tick_direction": 2, "price": 0.003, "mark_price": 0.00335167, "iv": 93.2, "instrument_name": "BTC-26MAR21-56000-C", "index_price": 52674.95, "direction": "sell", "amount": 0.1}, {"trade_seq": 7967, "trade_id": "138610437", "timestamp": 1616649621840, "tick_direction": 1, "price": 0.0035, "mark_price": 0.00368327, "iv": 95.33, "instrument_name": "BTC-26MAR21-56000-C", "index_price": 52702.89, "direction": "sell", "amount": 0.1}, {"trade_seq": 7966, "trade_id": "138610430", "timestamp": 1616649616703, "tick_direction": 0, "price": 0.0035, "mark_price": 0.0037261, "iv": 95.0, "instrument_name": "BTC-26MAR21-56000-C", "index_price": 52717.62, "direction": "sell", "amount": 0.1}, {"trade_seq": 7965, "trade_id": "138606980", "timestamp": 1616648419505, "tick_direction": 2, "price": 0.003, "mark_price": 0.00316836, "iv": 100.0, "instrument_name": "BTC-26MAR21-56000-C", "index_price": 52227.26, "direction": "sell", "amount": 0.1}, {"trade_seq": 7964, "trade_id": "138602315", "timestamp": 1616646081906, "tick_direction": 3, "price": 0.0035, "mark_price": 0.00386865, "iv": 100.43, "instrument_name": "BTC-26MAR21-56000-C", "index_price": 52390.47, "direction": "buy", "amount": 0.3}, {"trade_seq": 7963, "trade_id": "138602259", "timestamp": 1616646073660, "tick_direction": 3, "price": 0.0035, "mark_price": 0.00382045, "iv": 100.85, "instrument_name": "BTC-26MAR21-56000-C", "index_price": 52373.86, "direction": "buy", "amount": 1.2}, {"trade_seq": 7962, "trade_id": "138593885", "timestamp": 1616643081116, "tick_direction": 3, "price": 0.0035, "mark_price": 0.00337439, "iv": 104.61, "instrument_name": "BTC-26MAR21-56000-C", "index_price": 52120.34, "direction": "buy", "amount": 0.1}, {"trade_seq": 7961, "trade_id": "138593831", "timestamp": 1616643079005, "tick_direction": 3, "price": 0.0035, "mark_price": 0.00337156, "iv": 104.99, "instrument_name": "BTC-26MAR21-56000-C", "index_price": 52096.63, "direction": "buy", "amount": 0.3}, {"trade_seq": 7960, "trade_id": "138593786", "timestamp": 1616643068474, "tick_direction": 3, "price": 0.0035, "mark_price": 0.00325045, "iv": 106.11, "instrument_name": "BTC-26MAR21-56000-C", "index_price": 52056.74, "direction": "buy", "amount": 0.3}, {"trade_seq": 7959, "trade_id": "138593775", "timestamp": 1616643067009, "tick_direction": 3, "price": 0.0035, "mark_price": 0.00321947, "iv": 106.4, "instrument_name": "BTC-26MAR21-56000-C", "index_price": 52035.44, "direction": "buy", "amount": 0.3}, {"trade_seq": 7958, "trade_id": "138588033", "timestamp": 1616640960050, "tick_direction": 3, "price": 0.0035, "mark_price": 0.00362771, "iv": 101.91, "instrument_name": "BTC-26MAR21-56000-C", "index_price": 52209.35, "direction": "sell", "amount": 0.1}, {"trade_seq": 7957, "trade_id": "138586883", "timestamp": 1616640500269, "tick_direction": 2, "price": 0.0035, "mark_price": 0.00415471, "iv": 96.58, "instrument_name": "BTC-26MAR21-56000-C", "index_price": 52478.28, "direction": "sell", "amount": 1.0}, {"trade_seq": 7956, "trade_id": "138581054", "timestamp": 1616639401362, "tick_direction": 3, "price": 0.0045, "mark_price": 0.00279341, "iv": 110.17, "instrument_name": "BTC-26MAR21-56000-C", "index_price": 52181.84, "direction": "buy", "amount": 0.4}, {"trade_seq": 7955, "trade_id": "138581050", "timestamp": 1616639399054, "tick_direction": 3, "price": 0.0045, "mark_price": 0.00280379, "iv": 110.13, "instrument_name": "BTC-26MAR21-56000-C", "index_price": 52181.03, "direction": "buy", "amount": 0.7}, {"trade_seq": 7954, "trade_id": "138580783", "timestamp": 1616639364785, "tick_direction": 2, "price": 0.0045, "mark_price": 0.00282132, "iv": 109.62, "instrument_name": "BTC-26MAR21-56000-C", "index_price": 52201.43, "direction": "sell", "amount": 2.0}, {"trade_seq": 7953, "trade_id": "138580756", "timestamp": 1616639364282, "tick_direction": 1, "price": 0.0055, "mark_price": 0.00282159, "iv": 116.98, "instrument_name": "BTC-26MAR21-56000-C", "index_price": 52192.74, "direction": "buy", "amount": 0.1}, {"trade_seq": 7952, "trade_id": "138580753", "timestamp": 1616639364255, "tick_direction": 1, "price": 0.0055, "mark_price": 0.00282159, "iv": 116.98, "instrument_name": "BTC-26MAR21-56000-C", "index_price": 52192.74, "direction": "buy", "amount": 0.3}, {"trade_seq": 7951, "trade_id": "138580748", "timestamp": 1616639364129, "tick_direction": 1, "price": 0.0055, "mark_price": 0.00282159, "iv": 116.98, "instrument_name": "BTC-26MAR21-56000-C", "index_price": 52192.74, "direction": "buy", "amount": 0.2}, {"trade_seq": 7950, "trade_id": "138580738", "timestamp": 1616639363975, "tick_direction": 1, "price": 0.0055, "mark_price": 0.00282159, "iv": 116.98, "instrument_name": "BTC-26MAR21-56000-C", "index_price": 52192.74, "direction": "buy", "amount": 0.3}, {"trade_seq": 7949, "trade_id": "138580721", "timestamp": 1616639363837, "tick_direction": 0, "price": 0.0055, "mark_price": 0.00282159, "iv": 116.98, "instrument_name": "BTC-26MAR21-56000-C", "index_price": 52192.74, "direction": "buy", "amount": 0.3}, {"trade_seq": 7948, "trade_id": "138580503", "timestamp": 1616639352662, "tick_direction": 2, "price": 0.0045, "mark_price": 0.00273416, "iv": 110.43, "instrument_name": "BTC-26MAR21-56000-C", "index_price": 52150.81, "direction": "sell", "amount": 0.1}, {"trade_seq": 7947, "trade_id": "138580284", "timestamp": 1616639321050, "tick_direction": 1, "price": 0.0055, "mark_price": 0.00272777, "iv": 117.68, "instrument_name": "BTC-26MAR21-56000-C", "index_price": 52160.08, "direction": "buy", "amount": 0.1}, {"trade_seq": 7946, "trade_id": "138580283", "timestamp": 1616639320907, "tick_direction": 1, "price": 0.0055, "mark_price": 0.00272777, "iv": 117.68, "instrument_name": "BTC-26MAR21-56000-C", "index_price": 52157.91, "direction": "buy", "amount": 0.1}, {"trade_seq": 7945, "trade_id": "138580280", "timestamp": 1616639319759, "tick_direction": 1, "price": 0.0055, "mark_price": 0.00271073, "iv": 117.85, "instrument_name": "BTC-26MAR21-56000-C", "index_price": 52158.35, "direction": "buy", "amount": 0.2}, {"trade_seq": 7944, "trade_id": "138580265", "timestamp": 1616639316470, "tick_direction": 1, "price": 0.0055, "mark_price": 0.0026795, "iv": 118.17, "instrument_name": "BTC-26MAR21-56000-C", "index_price": 52138.75, "direction": "buy", "amount": 0.3}, {"trade_seq": 7943, "trade_id": "138580263", "timestamp": 1616639316231, "tick_direction": 1, "price": 0.0055, "mark_price": 0.00266969, "iv": 118.17, "instrument_name": "BTC-26MAR21-56000-C", "index_price": 52138.75, "direction": "buy", "amount": 0.1}, {"trade_seq": 7942, "trade_id": "138580185", "timestamp": 1616639312672, "tick_direction": 0, "price": 0.0055, "mark_price": 0.00263399, "iv": 118.63, "instrument_name": "BTC-26MAR21-56000-C", "index_price": 52118.3, "direction": "buy", "amount": 0.9}, {"trade_seq": 7941, "trade_id": "138579938", "timestamp": 1616639292004, "tick_direction": 2, "price": 0.0045, "mark_price": 0.00260385, "iv": 111.29, "instrument_name": "BTC-26MAR21-56000-C", "index_price": 52110.76, "direction": "sell", "amount": 0.1}, {"trade_seq": 7940, "trade_id": "138579777", "timestamp": 1616639264794, "tick_direction": 1, "price": 0.005, "mark_price": 0.0025122, "iv": 116.02, "instrument_name": "BTC-26MAR21-56000-C", "index_price": 52052.24, "direction": "buy", "amount": 1.0}, {"trade_seq": 7939, "trade_id": "138579339", "timestamp": 1616639207206, "tick_direction": 1, "price": 0.005, "mark_price": 0.00254711, "iv": 115.22, "instrument_name": "BTC-26MAR21-56000-C", "index_price": 52070.82, "direction": "buy", "amount": 0.3}, {"trade_seq": 7938, "trade_id": "138579338", "timestamp": 1616639207176, "tick_direction": 1, "price": 0.005, "mark_price": 0.00254711, "iv": 115.22, "instrument_name": "BTC-26MAR21-56000-C", "index_price": 52070.82, "direction": "buy", "amount": 0.2}, {"trade_seq": 7937, "trade_id": "138579326", "timestamp": 1616639204876, "tick_direction": 1, "price": 0.005, "mark_price": 0.00252424, "iv": 115.46, "instrument_name": "BTC-26MAR21-56000-C", "index_price": 52059.59, "direction": "buy", "amount": 0.5}, {"trade_seq": 7936, "trade_id": "138579322", "timestamp": 1616639204799, "tick_direction": 1, "price": 0.005, "mark_price": 0.00252424, "iv": 115.46, "instrument_name": "BTC-26MAR21-56000-C", "index_price": 52059.59, "direction": "buy", "amount": 0.6}, {"trade_seq": 7935, "trade_id": "138579320", "timestamp": 1616639204741, "tick_direction": 1, "price": 0.005, "mark_price": 0.00252424, "iv": 115.46, "instrument_name": "BTC-26MAR21-56000-C", "index_price": 52059.59, "direction": "buy", "amount": 0.1}, {"trade_seq": 7934, "trade_id": "138579310", "timestamp": 1616639203941, "tick_direction": 0, "price": 0.005, "mark_price": 0.002515, "iv": 115.55, "instrument_name": "BTC-26MAR21-56000-C", "index_price": 52055.73, "direction": "buy", "amount": 0.3}, {"trade_seq": 7933, "trade_id": "138578985", "timestamp": 1616639154179, "tick_direction": 2, "price": 0.0045, "mark_price": 0.00223166, "iv": 114.62, "instrument_name": "BTC-26MAR21-56000-C", "index_price": 51928.65, "direction": "sell", "amount": 1.2}, {"trade_seq": 7932, "trade_id": "138578778", "timestamp": 1616639126178, "tick_direction": 1, "price": 0.005, "mark_price": 0.00244282, "iv": 115.81, "instrument_name": "BTC-26MAR21-56000-C", "index_price": 52048.95, "direction": "buy", "amount": 0.1}, {"trade_seq": 7931, "trade_id": "138578777", "timestamp": 1616639126145, "tick_direction": 1, "price": 0.005, "mark_price": 0.00244282, "iv": 115.81, "instrument_name": "BTC-26MAR21-56000-C", "index_price": 52048.95, "direction": "sell", "amount": 1.0}, {"trade_seq": 7930, "trade_id": "138578775", "timestamp": 1616639125099, "tick_direction": 1, "price": 0.005, "mark_price": 0.00241507, "iv": 115.83, "instrument_name": "BTC-26MAR21-56000-C", "index_price": 52056.44, "direction": "sell", "amount": 0.9}, {"trade_seq": 7929, "trade_id": "138578732", "timestamp": 1616639116195, "tick_direction": 1, "price": 0.005, "mark_price": 0.0024132, "iv": 116.14, "instrument_name": "BTC-26MAR21-56000-C", "index_price": 52041.81, "direction": "sell", "amount": 1.4}, {"trade_seq": 7928, "trade_id": "138578700", "timestamp": 1616639111024, "tick_direction": 1, "price": 0.005, "mark_price": 0.00244044, "iv": 116.01, "instrument_name": "BTC-26MAR21-56000-C", "index_price": 52047.12, "direction": "sell", "amount": 1.3}, {"trade_seq": 7927, "trade_id": "138578537", "timestamp": 1616639074578, "tick_direction": 1, "price": 0.005, "mark_price": 0.00256867, "iv": 114.13, "instrument_name": "BTC-26MAR21-56000-C", "index_price": 52127.38, "direction": "buy", "amount": 1.0}, {"trade_seq": 7926, "trade_id": "138578536", "timestamp": 1616639074556, "tick_direction": 1, "price": 0.005, "mark_price": 0.00256867, "iv": 114.13, "instrument_name": "BTC-26MAR21-56000-C", "index_price": 52127.38, "direction": "buy", "amount": 1.0}, {"trade_seq": 7925, "trade_id": "138577766", "timestamp": 1616638986928, "tick_direction": 1, "price": 0.005, "mark_price": 0.00237259, "iv": 115.74, "instrument_name": "BTC-26MAR21-56000-C", "index_price": 52056.36, "direction": "buy", "amount": 0.4}, {"trade_seq": 7924, "trade_id": "138577749", "timestamp": 1616638980536, "tick_direction": 1, "price": 0.005, "mark_price": 0.00234514, "iv": 115.96, "instrument_name": "BTC-26MAR21-56000-C", "index_price": 52051.03, "direction": "buy", "amount": 0.1}, {"trade_seq": 7923, "trade_id": "138577355", "timestamp": 1616638891833, "tick_direction": 1, "price": 0.005, "mark_price": 0.00229888, "iv": 115.63, "instrument_name": "BTC-26MAR21-56000-C", "index_price": 52042.56, "direction": "buy", "amount": 0.2}, {"trade_seq": 7922, "trade_id": "138577354", "timestamp": 1616638891682, "tick_direction": 1, "price": 0.005, "mark_price": 0.00229888, "iv": 115.63, "instrument_name": "BTC-26MAR21-56000-C", "index_price": 52042.56, "direction": "buy", "amount": 0.1}, {"trade_seq": 7921, "trade_id": "138577332", "timestamp": 1616638891344, "tick_direction": 1, "price": 0.005, "mark_price": 0.00229888, "iv": 115.63, "instrument_name": "BTC-26MAR21-56000-C", "index_price": 52042.56, "direction": "buy", "amount": 0.4}, {"trade_seq": 7920, "trade_id": "138577331", "timestamp": 1616638891310, "tick_direction": 0, "price": 0.005, "mark_price": 0.00229888, "iv": 115.63, "instrument_name": "BTC-26MAR21-56000-C", "index_price": 52042.56, "direction": "buy", "amount": 0.1}, {"trade_seq": 7919, "trade_id": "138576856", "timestamp": 1616638830494, "tick_direction": 1, "price": 0.0045, "mark_price": 0.00212303, "iv": 113.76, "instrument_name": "BTC-26MAR21-56000-C", "index_price": 51952.99, "direction": "sell", "amount": 1.2}, {"trade_seq": 7918, "trade_id": "138576845", "timestamp": 1616638828145, "tick_direction": 1, "price": 0.0045, "mark_price": 0.00211888, "iv": 113.79, "instrument_name": "BTC-26MAR21-56000-C", "index_price": 51949.38, "direction": "sell", "amount": 0.8}, {"trade_seq": 7917, "trade_id": "138576839", "timestamp": 1616638823509, "tick_direction": 1, "price": 0.0045, "mark_price": 0.00212948, "iv": 113.63, "instrument_name": "BTC-26MAR21-56000-C", "index_price": 51957.5, "direction": "sell", "amount": 0.8}, {"trade_seq": 7916, "trade_id": "138576836", "timestamp": 1616638821162, "tick_direction": 1, "price": 0.0045, "mark_price": 0.00211282, "iv": 113.82, "instrument_name": "BTC-26MAR21-56000-C", "index_price": 51949.99, "direction": "buy", "amount": 0.1}, {"trade_seq": 7915, "trade_id": "138576813", "timestamp": 1616638816029, "tick_direction": 1, "price": 0.0045, "mark_price": 0.00208788, "iv": 114.09, "instrument_name": "BTC-26MAR21-56000-C", "index_price": 51943.85, "direction": "buy", "amount": 0.1}, {"trade_seq": 7914, "trade_id": "138576812", "timestamp": 1616638815834, "tick_direction": 1, "price": 0.0045, "mark_price": 0.00208406, "iv": 114.09, "instrument_name": "BTC-26MAR21-56000-C", "index_price": 51943.85, "direction": "buy", "amount": 0.1}, {"trade_seq": 7913, "trade_id": "138576811", "timestamp": 1616638815665, "tick_direction": 1, "price": 0.0045, "mark_price": 0.00208406, "iv": 114.09, "instrument_name": "BTC-26MAR21-56000-C", "index_price": 51943.85, "direction": "buy", "amount": 0.2}, {"trade_seq": 7912, "trade_id": "138576810", "timestamp": 1616638815477, "tick_direction": 1, "price": 0.0045, "mark_price": 0.00208406, "iv": 114.09, "instrument_name": "BTC-26MAR21-56000-C", "index_price": 51943.85, "direction": "buy", "amount": 0.1}, {"trade_seq": 7911, "trade_id": "138576789", "timestamp": 1616638814578, "tick_direction": 1, "price": 0.0045, "mark_price": 0.00208155, "iv": 114.13, "instrument_name": "BTC-26MAR21-56000-C", "index_price": 51935.52, "direction": "buy", "amount": 0.2}, {"trade_seq": 7910, "trade_id": "138576771", "timestamp": 1616638810256, "tick_direction": 1, "price": 0.0045, "mark_price": 0.00212292, "iv": 113.7, "instrument_name": "BTC-26MAR21-56000-C", "index_price": 51952.42, "direction": "buy", "amount": 1.7}, {"trade_seq": 7909, "trade_id": "138576770", "timestamp": 1616638810256, "tick_direction": 0, "price": 0.0045, "mark_price": 0.00212292, "iv": 113.7, "instrument_name": "BTC-26MAR21-56000-C", "index_price": 51952.42, "direction": "buy", "amount": 0.1}, {"trade_seq": 7908, "trade_id": "138576395", "timestamp": 1616638757217, "tick_direction": 1, "price": 0.004, "mark_price": 0.00211538, "iv": 109.57, "instrument_name": "BTC-26MAR21-56000-C", "index_price": 51965.61, "direction": "sell", "amount": 3.9}, {"trade_seq": 7907, "trade_id": "138576288", "timestamp": 1616638742243, "tick_direction": 1, "price": 0.004, "mark_price": 0.00205739, "iv": 109.97, "instrument_name": "BTC-26MAR21-56000-C", "index_price": 51965.73, "direction": "sell", "amount": 1.7}, {"trade_seq": 7906, "trade_id": "138576287", "timestamp": 1616638742238, "tick_direction": 1, "price": 0.004, "mark_price": 0.00205739, "iv": 109.97, "instrument_name": "BTC-26MAR21-56000-C", "index_price": 51965.73, "direction": "sell", "amount": 1.7}, {"trade_seq": 7905, "trade_id": "138576283", "timestamp": 1616638742210, "tick_direction": 1, "price": 0.004, "mark_price": 0.00205739, "iv": 109.97, "instrument_name": "BTC-26MAR21-56000-C", "index_price": 51965.73, "direction": "sell", "amount": 1.7}, {"trade_seq": 7904, "trade_id": "138576269", "timestamp": 1616638741112, "tick_direction": 1, "price": 0.004, "mark_price": 0.00202837, "iv": 109.97, "instrument_name": "BTC-26MAR21-56000-C", "index_price": 51964.85, "direction": "sell", "amount": 0.5}, {"trade_seq": 7903, "trade_id": "138576268", "timestamp": 1616638741109, "tick_direction": 1, "price": 0.004, "mark_price": 0.00202837, "iv": 109.97, "instrument_name": "BTC-26MAR21-56000-C", "index_price": 51964.85, "direction": "sell", "amount": 0.5}, {"trade_seq": 7902, "trade_id": "138576110", "timestamp": 1616638720892, "tick_direction": 1, "price": 0.004, "mark_price": 0.00220389, "iv": 108.09, "instrument_name": "BTC-26MAR21-56000-C", "index_price": 52062.91, "direction": "buy", "amount": 10.0}, {"trade_seq": 7901, "trade_id": "138575974", "timestamp": 1616638707942, "tick_direction": 1, "price": 0.004, "mark_price": 0.00225233, "iv": 107.45, "instrument_name": "BTC-26MAR21-56000-C", "index_price": 52094.47, "direction": "buy", "amount": 0.8}, {"trade_seq": 7900, "trade_id": "138575796", "timestamp": 1616638697443, "tick_direction": 1, "price": 0.004, "mark_price": 0.00235429, "iv": 106.24, "instrument_name": "BTC-26MAR21-56000-C", "index_price": 52130.18, "direction": "buy", "amount": 0.5}, {"trade_seq": 7899, "trade_id": "138575775", "timestamp": 1616638696837, "tick_direction": 1, "price": 0.004, "mark_price": 0.00235429, "iv": 106.24, "instrument_name": "BTC-26MAR21-56000-C", "index_price": 52130.18, "direction": "buy", "amount": 2.4}, {"trade_seq": 7898, "trade_id": "138575744", "timestamp": 1616638695738, "tick_direction": 1, "price": 0.004, "mark_price": 0.00229995, "iv": 106.83, "instrument_name": "BTC-26MAR21-56000-C", "index_price": 52131.06, "direction": "buy", "amount": 0.1}, {"trade_seq": 7897, "trade_id": "138575740", "timestamp": 1616638695581, "tick_direction": 1, "price": 0.004, "mark_price": 0.0022942, "iv": 106.83, "instrument_name": "BTC-26MAR21-56000-C", "index_price": 52131.06, "direction": "buy", "amount": 0.2}, {"trade_seq": 7896, "trade_id": "138575733", "timestamp": 1616638695348, "tick_direction": 1, "price": 0.004, "mark_price": 0.0022942, "iv": 106.89, "instrument_name": "BTC-26MAR21-56000-C", "index_price": 52101.25, "direction": "buy", "amount": 0.3}, {"trade_seq": 7895, "trade_id": "138575727", "timestamp": 1616638695241, "tick_direction": 1, "price": 0.004, "mark_price": 0.0022942, "iv": 106.89, "instrument_name": "BTC-26MAR21-56000-C", "index_price": 52101.25, "direction": "buy", "amount": 1.1}, {"trade_seq": 7894, "trade_id": "138575676", "timestamp": 1616638694847, "tick_direction": 1, "price": 0.004, "mark_price": 0.0022942, "iv": 106.89, "instrument_name": "BTC-26MAR21-56000-C", "index_price": 52101.25, "direction": "buy", "amount": 1.6}, {"trade_seq": 7893, "trade_id": "138575617", "timestamp": 1616638693964, "tick_direction": 1, "price": 0.004, "mark_price": 0.00227237, "iv": 107.13, "instrument_name": "BTC-26MAR21-56000-C", "index_price": 52101.51, "direction": "buy", "amount": 0.5}, {"trade_seq": 7892, "trade_id": "138575616", "timestamp": 1616638693964, "tick_direction": 1, "price": 0.004, "mark_price": 0.00227237, "iv": 107.13, "instrument_name": "BTC-26MAR21-56000-C", "index_price": 52101.51, "direction": "buy", "amount": 0.1}, {"trade_seq": 7891, "trade_id": "138575605", "timestamp": 1616638693609, "tick_direction": 1, "price": 0.004, "mark_price": 0.00227151, "iv": 107.13, "instrument_name": "BTC-26MAR21-56000-C", "index_price": 52101.51, "direction": "buy", "amount": 0.6}, {"trade_seq": 7890, "trade_id": "138575598", "timestamp": 1616638693461, "tick_direction": 1, "price": 0.004, "mark_price": 0.00227151, "iv": 107.13, "instrument_name": "BTC-26MAR21-56000-C", "index_price": 52088.27, "direction": "buy", "amount": 0.5}, {"trade_seq": 7889, "trade_id": "138575594", "timestamp": 1616638693398, "tick_direction": 1, "price": 0.004, "mark_price": 0.00227151, "iv": 107.13, "instrument_name": "BTC-26MAR21-56000-C", "index_price": 52088.27, "direction": "buy", "amount": 0.9}, {"trade_seq": 7888, "trade_id": "138575571", "timestamp": 1616638693319, "tick_direction": 1, "price": 0.004, "mark_price": 0.00227151, "iv": 107.13, "instrument_name": "BTC-26MAR21-56000-C", "index_price": 52088.27, "direction": "buy", "amount": 1.6}, {"trade_seq": 7887, "trade_id": "138575555", "timestamp": 1616638692868, "tick_direction": 1, "price": 0.004, "mark_price": 0.00227151, "iv": 107.13, "instrument_name": "BTC-26MAR21-56000-C", "index_price": 52088.27, "direction": "buy", "amount": 0.1}, {"trade_seq": 7886, "trade_id": "138575554", "timestamp": 1616638692849, "tick_direction": 1, "price": 0.004, "mark_price": 0.00227151, "iv": 107.13, "instrument_name": "BTC-26MAR21-56000-C", "index_price": 52088.27, "direction": "buy", "amount": 0.3}, {"trade_seq": 7885, "trade_id": "138575285", "timestamp": 1616638672528, "tick_direction": 1, "price": 0.004, "mark_price": 0.00225471, "iv": 107.25, "instrument_name": "BTC-26MAR21-56000-C", "index_price": 52068.44, "direction": "buy", "amount": 0.2}, {"trade_seq": 7884, "trade_id": "138575255", "timestamp": 1616638669657, "tick_direction": 1, "price": 0.004, "mark_price": 0.00218757, "iv": 107.39, "instrument_name": "BTC-26MAR21-56000-C", "index_price": 52051.77, "direction": "buy", "amount": 0.3}, {"trade_seq": 7883, "trade_id": "138575232", "timestamp": 1616638668849, "tick_direction": 0, "price": 0.004, "mark_price": 0.00218757, "iv": 107.94, "instrument_name": "BTC-26MAR21-56000-C", "index_price": 52057.03, "direction": "buy", "amount": 0.4}, {"trade_seq": 7882, "trade_id": "138573599", "timestamp": 1616638543609, "tick_direction": 1, "price": 0.0035, "mark_price": 0.00188973, "iv": 106.52, "instrument_name": "BTC-26MAR21-56000-C", "index_price": 51894.69, "direction": "buy", "amount": 0.1}, {"trade_seq": 7881, "trade_id": "138573562", "timestamp": 1616638538436, "tick_direction": 1, "price": 0.0035, "mark_price": 0.00190156, "iv": 106.42, "instrument_name": "BTC-26MAR21-56000-C", "index_price": 51899.24, "direction": "buy", "amount": 0.1}, {"trade_seq": 7880, "trade_id": "138573508", "timestamp": 1616638533202, "tick_direction": 1, "price": 0.0035, "mark_price": 0.00192456, "iv": 106.01, "instrument_name": "BTC-26MAR21-56000-C", "index_price": 51921.41, "direction": "buy", "amount": 0.1}, {"trade_seq": 7879, "trade_id": "138573463", "timestamp": 1616638528077, "tick_direction": 1, "price": 0.0035, "mark_price": 0.00196474, "iv": 105.48, "instrument_name": "BTC-26MAR21-56000-C", "index_price": 51946.59, "direction": "buy", "amount": 0.1}, {"trade_seq": 7878, "trade_id": "138573352", "timestamp": 1616638522889, "tick_direction": 1, "price": 0.0035, "mark_price": 0.00195822, "iv": 105.53, "instrument_name": "BTC-26MAR21-56000-C", "index_price": 51949.58, "direction": "buy", "amount": 0.1}, {"trade_seq": 7877, "trade_id": "138573269", "timestamp": 1616638520771, "tick_direction": 1, "price": 0.0035, "mark_price": 0.00194723, "iv": 105.65, "instrument_name": "BTC-26MAR21-56000-C", "index_price": 51936.95, "direction": "buy", "amount": 0.6}, {"trade_seq": 7876, "trade_id": "138573260", "timestamp": 1616638519982, "tick_direction": 1, "price": 0.0035, "mark_price": 0.00193811, "iv": 105.76, "instrument_name": "BTC-26MAR21-56000-C", "index_price": 51934.9, "direction": "buy", "amount": 0.3}, {"trade_seq": 7875, "trade_id": "138573237", "timestamp": 1616638519540, "tick_direction": 1, "price": 0.0035, "mark_price": 0.00193811, "iv": 105.76, "instrument_name": "BTC-26MAR21-56000-C", "index_price": 51934.9, "direction": "buy", "amount": 1.1}, {"trade_seq": 7874, "trade_id": "138573183", "timestamp": 1616638518809, "tick_direction": 1, "price": 0.0035, "mark_price": 0.00192361, "iv": 105.93, "instrument_name": "BTC-26MAR21-56000-C", "index_price": 51929.25, "direction": "buy", "amount": 1.7}, {"trade_seq": 7873, "trade_id": "138573175", "timestamp": 1616638518410, "tick_direction": 1, "price": 0.0035, "mark_price": 0.00190511, "iv": 105.93, "instrument_name": "BTC-26MAR21-56000-C", "index_price": 51929.25, "direction": "buy", "amount": 0.5}, {"trade_seq": 7872, "trade_id": "138573161", "timestamp": 1616638517919, "tick_direction": 1, "price": 0.0035, "mark_price": 0.00190511, "iv": 106.16, "instrument_name": "BTC-26MAR21-56000-C", "index_price": 51919.57, "direction": "buy", "amount": 0.1}, {"trade_seq": 7871, "trade_id": "138573157", "timestamp": 1616638517738, "tick_direction": 1, "price": 0.0035, "mark_price": 0.00190511, "iv": 106.16, "instrument_name": "BTC-26MAR21-56000-C", "index_price": 51919.57, "direction": "buy", "amount": 0.1}, {"trade_seq": 7870, "trade_id": "138573153", "timestamp": 1616638517719, "tick_direction": 1, "price": 0.0035, "mark_price": 0.00190511, "iv": 106.16, "instrument_name": "BTC-26MAR21-56000-C", "index_price": 51919.57, "direction": "buy", "amount": 0.6}, {"trade_seq": 7869, "trade_id": "138573152", "timestamp": 1616638517719, "tick_direction": 1, "price": 0.0035, "mark_price": 0.00190511, "iv": 106.16, "instrument_name": "BTC-26MAR21-56000-C", "index_price": 51919.57, "direction": "buy", "amount": 0.1}, {"trade_seq": 7868, "trade_id": "138573145", "timestamp": 1616638517623, "tick_direction": 1, "price": 0.0035, "mark_price": 0.00190511, "iv": 106.16, "instrument_name": "BTC-26MAR21-56000-C", "index_price": 51919.57, "direction": "buy", "amount": 0.2}, {"trade_seq": 7867, "trade_id": "138573143", "timestamp": 1616638517560, "tick_direction": 1, "price": 0.0035, "mark_price": 0.00190511, "iv": 106.16, "instrument_name": "BTC-26MAR21-56000-C", "index_price": 51919.57, "direction": "buy", "amount": 0.3}, {"trade_seq": 7866, "trade_id": "138573091", "timestamp": 1616638515222, "tick_direction": 1, "price": 0.0035, "mark_price": 0.00188385, "iv": 106.46, "instrument_name": "BTC-26MAR21-56000-C", "index_price": 51907.05, "direction": "buy", "amount": 0.5}, {"trade_seq": 7865, "trade_id": "138572670", "timestamp": 1616638486911, "tick_direction": 1, "price": 0.0035, "mark_price": 0.00191198, "iv": 105.81, "instrument_name": "BTC-26MAR21-56000-C", "index_price": 51900.08, "direction": "buy", "amount": 1.2}, {"trade_seq": 7864, "trade_id": "138572669", "timestamp": 1616638486911, "tick_direction": 1, "price": 0.0035, "mark_price": 0.00191198, "iv": 105.81, "instrument_name": "BTC-26MAR21-56000-C", "index_price": 51900.08, "direction": "buy", "amount": 0.1}, {"trade_seq": 7863, "trade_id": "138572592", "timestamp": 1616638480326, "tick_direction": 1, "price": 0.0035, "mark_price": 0.00188783, "iv": 105.91, "instrument_name": "BTC-26MAR21-56000-C", "index_price": 51889.01, "direction": "buy", "amount": 0.4}, {"trade_seq": 7862, "trade_id": "138572583", "timestamp": 1616638479984, "tick_direction": 1, "price": 0.0035, "mark_price": 0.00188783, "iv": 106.06, "instrument_name": "BTC-26MAR21-56000-C", "index_price": 51889.01, "direction": "buy", "amount": 1.1}, {"trade_seq": 7861, "trade_id": "138572476", "timestamp": 1616638474593, "tick_direction": 1, "price": 0.0035, "mark_price": 0.00188329, "iv": 106.15, "instrument_name": "BTC-26MAR21-56000-C", "index_price": 51869.51, "direction": "buy", "amount": 0.1}, {"trade_seq": 7860, "trade_id": "138572465", "timestamp": 1616638474094, "tick_direction": 1, "price": 0.0035, "mark_price": 0.0018602, "iv": 106.15, "instrument_name": "BTC-26MAR21-56000-C", "index_price": 51869.51, "direction": "buy", "amount": 0.1}, {"trade_seq": 7859, "trade_id": "138572459", "timestamp": 1616638473813, "tick_direction": 1, "price": 0.0035, "mark_price": 0.0018602, "iv": 106.43, "instrument_name": "BTC-26MAR21-56000-C", "index_price": 51859.58, "direction": "buy", "amount": 0.1}, {"trade_seq": 7858, "trade_id": "138572455", "timestamp": 1616638473712, "tick_direction": 1, "price": 0.0035, "mark_price": 0.0018602, "iv": 106.43, "instrument_name": "BTC-26MAR21-56000-C", "index_price": 51859.58, "direction": "buy", "amount": 0.9}, {"trade_seq": 7857, "trade_id": "138572453", "timestamp": 1616638473653, "tick_direction": 1, "price": 0.0035, "mark_price": 0.0018602, "iv": 106.43, "instrument_name": "BTC-26MAR21-56000-C", "index_price": 51859.58, "direction": "buy", "amount": 0.4}, {"trade_seq": 7856, "trade_id": "138572287", "timestamp": 1616638462390, "tick_direction": 1, "price": 0.0035, "mark_price": 0.00174803, "iv": 107.65, "instrument_name": "BTC-26MAR21-56000-C", "index_price": 51801.05, "direction": "buy", "amount": 0.1}, {"trade_seq": 7855, "trade_id": "138572284", "timestamp": 1616638461943, "tick_direction": 1, "price": 0.0035, "mark_price": 0.00174803, "iv": 107.59, "instrument_name": "BTC-26MAR21-56000-C", "index_price": 51801.05, "direction": "buy", "amount": 0.1}, {"trade_seq": 7854, "trade_id": "138572035", "timestamp": 1616638433348, "tick_direction": 1, "price": 0.0035, "mark_price": 0.0017815, "iv": 107.13, "instrument_name": "BTC-26MAR21-56000-C", "index_price": 51851.97, "direction": "buy", "amount": 0.1}, {"trade_seq": 7853, "trade_id": "138572032", "timestamp": 1616638432613, "tick_direction": 1, "price": 0.0035, "mark_price": 0.0017815, "iv": 107.18, "instrument_name": "BTC-26MAR21-56000-C", "index_price": 51845.41, "direction": "buy", "amount": 0.5}, {"trade_seq": 7852, "trade_id": "138572031", "timestamp": 1616638432595, "tick_direction": 1, "price": 0.0035, "mark_price": 0.0017815, "iv": 107.18, "instrument_name": "BTC-26MAR21-56000-C", "index_price": 51845.41, "direction": "buy", "amount": 1.0}, {"trade_seq": 7851, "trade_id": "138572030", "timestamp": 1616638432595, "tick_direction": 1, "price": 0.0035, "mark_price": 0.0017815, "iv": 107.18, "instrument_name": "BTC-26MAR21-56000-C", "index_price": 51845.41, "direction": "buy", "amount": 0.1}, {"trade_seq": 7850, "trade_id": "138572023", "timestamp": 1616638431854, "tick_direction": 1, "price": 0.0035, "mark_price": 0.00177196, "iv": 107.32, "instrument_name": "BTC-26MAR21-56000-C", "index_price": 51845.41, "direction": "buy", "amount": 0.3}, {"trade_seq": 7849, "trade_id": "138572022", "timestamp": 1616638431819, "tick_direction": 1, "price": 0.0035, "mark_price": 0.00177196, "iv": 107.32, "instrument_name": "BTC-26MAR21-56000-C", "index_price": 51845.41, "direction": "buy", "amount": 0.3}, {"trade_seq": 7848, "trade_id": "138571600", "timestamp": 1616638404944, "tick_direction": 1, "price": 0.0035, "mark_price": 0.00196356, "iv": 104.55, "instrument_name": "BTC-26MAR21-56000-C", "index_price": 51983.8, "direction": "buy", "amount": 1.2}, {"trade_seq": 7847, "trade_id": "138571599", "timestamp": 1616638404944, "tick_direction": 1, "price": 0.0035, "mark_price": 0.00196356, "iv": 104.55, "instrument_name": "BTC-26MAR21-56000-C", "index_price": 51983.8, "direction": "buy", "amount": 0.1}, {"trade_seq": 7846, "trade_id": "138571211", "timestamp": 1616638383353, "tick_direction": 1, "price": 0.0035, "mark_price": 0.00202065, "iv": 103.86, "instrument_name": "BTC-26MAR21-56000-C", "index_price": 51990.08, "direction": "buy", "amount": 1.4}, {"trade_seq": 7845, "trade_id": "138571210", "timestamp": 1616638383353, "tick_direction": 0, "price": 0.0035, "mark_price": 0.00202065, "iv": 103.86, "instrument_name": "BTC-26MAR21-56000-C", "index_price": 51990.08, "direction": "buy", "amount": 0.1}, {"trade_seq": 7844, "trade_id": "138570613", "timestamp": 1616638340453, "tick_direction": 1, "price": 0.003, "mark_price": 0.00190445, "iv": 100.55, "instrument_name": "BTC-26MAR21-56000-C", "index_price": 51930.06, "direction": "buy", "amount": 0.1}, {"trade_seq": 7843, "trade_id": "138570364", "timestamp": 1616638332095, "tick_direction": 1, "price": 0.003, "mark_price": 0.00188596, "iv": 100.99, "instrument_name": "BTC-26MAR21-56000-C", "index_price": 51877.03, "direction": "buy", "amount": 0.4}, {"trade_seq": 7842, "trade_id": "138570336", "timestamp": 1616638331362, "tick_direction": 0, "price": 0.003, "mark_price": 0.00188596, "iv": 100.72, "instrument_name": "BTC-26MAR21-56000-C", "index_price": 51883.85, "direction": "buy", "amount": 0.7}, {"trade_seq": 7841, "trade_id": "138552714", "timestamp": 1616635844909, "tick_direction": 3, "price": 0.002, "mark_price": 0.00225805, "iv": 81.4, "instrument_name": "BTC-26MAR21-56000-C", "index_price": 52359.89, "direction": "sell", "amount": 0.1}, {"trade_seq": 7840, "trade_id": "138552713", "timestamp": 1616635844909, "tick_direction": 3, "price": 0.002, "mark_price": 0.00225805, "iv": 81.4, "instrument_name": "BTC-26MAR21-56000-C", "index_price": 52359.89, "direction": "sell", "amount": 0.2}, {"trade_seq": 7839, "trade_id": "138552700", "timestamp": 1616635837838, "tick_direction": 2, "price": 0.002, "mark_price": 0.00229304, "iv": 81.15, "instrument_name": "BTC-26MAR21-56000-C", "index_price": 52373.04, "direction": "sell", "amount": 0.8}, {"trade_seq": 7838, "trade_id": "138550308", "timestamp": 1616635092773, "tick_direction": 3, "price": 0.0025, "mark_price": 0.00252325, "iv": 83.54, "instrument_name": "BTC-26MAR21-56000-C", "index_price": 52495.49, "direction": "buy", "amount": 0.1}, {"trade_seq": 7837, "trade_id": "138549630", "timestamp": 1616634903922, "tick_direction": 3, "price": 0.0025, "mark_price": 0.0023682, "iv": 85.07, "instrument_name": "BTC-26MAR21-56000-C", "index_price": 52400.73, "direction": "buy", "amount": 0.1}, {"trade_seq": 7836, "trade_id": "138549629", "timestamp": 1616634903922, "tick_direction": 3, "price": 0.0025, "mark_price": 0.0023682, "iv": 85.07, "instrument_name": "BTC-26MAR21-56000-C", "index_price": 52400.73, "direction": "buy", "amount": 0.1}, {"trade_seq": 7835, "trade_id": "138549439", "timestamp": 1616634831775, "tick_direction": 3, "price": 0.0025, "mark_price": 0.00247956, "iv": 84.1, "instrument_name": "BTC-26MAR21-56000-C", "index_price": 52435.5, "direction": "buy", "amount": 0.1}, {"trade_seq": 7834, "trade_id": "138549427", "timestamp": 1616634824509, "tick_direction": 3, "price": 0.0025, "mark_price": 0.00247552, "iv": 84.0, "instrument_name": "BTC-26MAR21-56000-C", "index_price": 52457.43, "direction": "buy", "amount": 0.1}, {"trade_seq": 7833, "trade_id": "138547169", "timestamp": 1616634049300, "tick_direction": 3, "price": 0.0025, "mark_price": 0.00266327, "iv": 83.29, "instrument_name": "BTC-26MAR21-56000-C", "index_price": 52461.62, "direction": "sell", "amount": 0.5}, {"trade_seq": 7832, "trade_id": "138547167", "timestamp": 1616634046943, "tick_direction": 3, "price": 0.0025, "mark_price": 0.00266526, "iv": 83.41, "instrument_name": "BTC-26MAR21-56000-C", "index_price": 52456.4, "direction": "sell", "amount": 0.9}, {"trade_seq": 7831, "trade_id": "138546974", "timestamp": 1616634008656, "tick_direction": 3, "price": 0.0025, "mark_price": 0.00297273, "iv": 81.18, "instrument_name": "BTC-26MAR21-56000-C", "index_price": 52563.66, "direction": "sell", "amount": 0.3}, {"trade_seq": 7830, "trade_id": "138546933", "timestamp": 1616634006102, "tick_direction": 3, "price": 0.0025, "mark_price": 0.00296623, "iv": 80.88, "instrument_name": "BTC-26MAR21-56000-C", "index_price": 52583.4, "direction": "sell", "amount": 0.1}, {"trade_seq": 7829, "trade_id": "138545869", "timestamp": 1616633605221, "tick_direction": 3, "price": 0.0025, "mark_price": 0.00296784, "iv": 81.75, "instrument_name": "BTC-26MAR21-56000-C", "index_price": 52519.51, "direction": "sell", "amount": 0.1}, {"trade_seq": 7828, "trade_id": "138544732", "timestamp": 1616633102422, "tick_direction": 2, "price": 0.0025, "mark_price": 0.00280982, "iv": 83.41, "instrument_name": "BTC-26MAR21-56000-C", "index_price": 52450.44, "direction": "sell", "amount": 0.4}, {"trade_seq": 7827, "trade_id": "138541083", "timestamp": 1616631708479, "tick_direction": 1, "price": 0.0035, "mark_price": 0.00350924, "iv": 86.27, "instrument_name": "BTC-26MAR21-56000-C", "index_price": 52687.62, "direction": "buy", "amount": 0.9}, {"trade_seq": 7826, "trade_id": "138541076", "timestamp": 1616631705340, "tick_direction": 1, "price": 0.0035, "mark_price": 0.00349473, "iv": 86.39, "instrument_name": "BTC-26MAR21-56000-C", "index_price": 52681.79, "direction": "buy", "amount": 0.1}, {"trade_seq": 7825, "trade_id": "138541071", "timestamp": 1616631705122, "tick_direction": 1, "price": 0.0035, "mark_price": 0.00350861, "iv": 86.39, "instrument_name": "BTC-26MAR21-56000-C", "index_price": 52681.79, "direction": "buy", "amount": 0.2}, {"trade_seq": 7824, "trade_id": "138541070", "timestamp": 1616631705042, "tick_direction": 1, "price": 0.0035, "mark_price": 0.00350861, "iv": 86.29, "instrument_name": "BTC-26MAR21-56000-C", "index_price": 52682.26, "direction": "buy", "amount": 0.6}, {"trade_seq": 7823, "trade_id": "138541069", "timestamp": 1616631704194, "tick_direction": 1, "price": 0.0035, "mark_price": 0.00350861, "iv": 86.29, "instrument_name": "BTC-26MAR21-56000-C", "index_price": 52682.26, "direction": "buy", "amount": 0.1}, {"trade_seq": 7822, "trade_id": "138540871", "timestamp": 1616631668790, "tick_direction": 1, "price": 0.0035, "mark_price": 0.00342517, "iv": 87.13, "instrument_name": "BTC-26MAR21-56000-C", "index_price": 52633.87, "direction": "buy", "amount": 0.1}, {"trade_seq": 7821, "trade_id": "138540820", "timestamp": 1616631656712, "tick_direction": 1, "price": 0.0035, "mark_price": 0.00342635, "iv": 87.19, "instrument_name": "BTC-26MAR21-56000-C", "index_price": 52632.98, "direction": "buy", "amount": 0.3}, {"trade_seq": 7820, "trade_id": "138540817", "timestamp": 1616631656440, "tick_direction": 1, "price": 0.0035, "mark_price": 0.00342635, "iv": 87.19, "instrument_name": "BTC-26MAR21-56000-C", "index_price": 52632.98, "direction": "buy", "amount": 0.1}, {"trade_seq": 7819, "trade_id": "138540813", "timestamp": 1616631654850, "tick_direction": 1, "price": 0.0035, "mark_price": 0.00341399, "iv": 87.26, "instrument_name": "BTC-26MAR21-56000-C", "index_price": 52630.28, "direction": "buy", "amount": 0.3}, {"trade_seq": 7818, "trade_id": "138540808", "timestamp": 1616631651750, "tick_direction": 1, "price": 0.0035, "mark_price": 0.00339764, "iv": 87.44, "instrument_name": "BTC-26MAR21-56000-C", "index_price": 52617.15, "direction": "buy", "amount": 0.4}, {"trade_seq": 7817, "trade_id": "138540802", "timestamp": 1616631647958, "tick_direction": 1, "price": 0.0035, "mark_price": 0.00345593, "iv": 87.06, "instrument_name": "BTC-26MAR21-56000-C", "index_price": 52629.17, "direction": "buy", "amount": 0.5}, {"trade_seq": 7816, "trade_id": "138540731", "timestamp": 1616631619127, "tick_direction": 1, "price": 0.0035, "mark_price": 0.00346284, "iv": 87.19, "instrument_name": "BTC-26MAR21-56000-C", "index_price": 52619.6, "direction": "buy", "amount": 0.7}, {"trade_seq": 7815, "trade_id": "138540723", "timestamp": 1616631616006, "tick_direction": 1, "price": 0.0035, "mark_price": 0.00343033, "iv": 87.37, "instrument_name": "BTC-26MAR21-56000-C", "index_price": 52616.99, "direction": "buy", "amount": 0.1}, {"trade_seq": 7814, "trade_id": "138539928", "timestamp": 1616631405040, "tick_direction": 0, "price": 0.0035, "mark_price": 0.00398287, "iv": 84.1, "instrument_name": "BTC-26MAR21-56000-C", "index_price": 52747.06, "direction": "buy", "amount": 1.0}, {"trade_seq": 7813, "trade_id": "138530107", "timestamp": 1616630175600, "tick_direction": 2, "price": 0.003, "mark_price": 0.00332594, "iv": 87.2, "instrument_name": "BTC-26MAR21-56000-C", "index_price": 52410.04, "direction": "sell", "amount": 1.0}, {"trade_seq": 7812, "trade_id": "138529641", "timestamp": 1616630133587, "tick_direction": 2, "price": 0.0035, "mark_price": 0.00366453, "iv": 88.55, "instrument_name": "BTC-26MAR21-56000-C", "index_price": 52537.22, "direction": "sell", "amount": 19.5}, {"trade_seq": 7811, "trade_id": "138529108", "timestamp": 1616629998615, "tick_direction": 1, "price": 0.004, "mark_price": 0.00377415, "iv": 90.91, "instrument_name": "BTC-26MAR21-56000-C", "index_price": 52587.96, "direction": "buy", "amount": 0.1}, {"trade_seq": 7810, "trade_id": "138525777", "timestamp": 1616629469122, "tick_direction": 0, "price": 0.004, "mark_price": 0.00434818, "iv": 86.32, "instrument_name": "BTC-26MAR21-56000-C", "index_price": 52841.92, "direction": "sell", "amount": 2.0}, {"trade_seq": 7809, "trade_id": "138516479", "timestamp": 1616627959437, "tick_direction": 3, "price": 0.0035, "mark_price": 0.00350023, "iv": 88.37, "instrument_name": "BTC-26MAR21-56000-C", "index_price": 52472.2, "direction": "sell", "amount": 0.5}, {"trade_seq": 7808, "trade_id": "138514613", "timestamp": 1616627708128, "tick_direction": 2, "price": 0.0035, "mark_price": 0.00400052, "iv": 84.11, "instrument_name": "BTC-26MAR21-56000-C", "index_price": 52677.5, "direction": "sell", "amount": 0.1}, {"trade_seq": 7807, "trade_id": "138513774", "timestamp": 1616627548144, "tick_direction": 2, "price": 0.004, "mark_price": 0.00432511, "iv": 85.75, "instrument_name": "BTC-26MAR21-56000-C", "index_price": 52783.43, "direction": "sell", "amount": 0.6}, {"trade_seq": 7806, "trade_id": "138513296", "timestamp": 1616627456039, "tick_direction": 1, "price": 0.0045, "mark_price": 0.00449607, "iv": 88.16, "instrument_name": "BTC-26MAR21-56000-C", "index_price": 52827.22, "direction": "sell", "amount": 0.1}, {"trade_seq": 7805, "trade_id": "138511288", "timestamp": 1616627172705, "tick_direction": 1, "price": 0.0045, "mark_price": 0.003781, "iv": 93.94, "instrument_name": "BTC-26MAR21-56000-C", "index_price": 52524.6, "direction": "buy", "amount": 7.8}, {"trade_seq": 7804, "trade_id": "138511287", "timestamp": 1616627172705, "tick_direction": 1, "price": 0.0045, "mark_price": 0.003781, "iv": 93.94, "instrument_name": "BTC-26MAR21-56000-C", "index_price": 52524.6, "direction": "buy", "amount": 4.2}, {"trade_seq": 7803, "trade_id": "138511286", "timestamp": 1616627172705, "tick_direction": 0, "price": 0.0045, "mark_price": 0.003781, "iv": 93.94, "instrument_name": "BTC-26MAR21-56000-C", "index_price": 52524.6, "direction": "buy", "amount": 18.0}, {"trade_seq": 7802, "trade_id": "138501004", "timestamp": 1616626317247, "tick_direction": 3, "price": 0.0035, "mark_price": 0.00349363, "iv": 88.87, "instrument_name": "BTC-26MAR21-56000-C", "index_price": 52341.9, "direction": "sell", "amount": 0.3}, {"trade_seq": 7801, "trade_id": "138500019", "timestamp": 1616626208430, "tick_direction": 3, "price": 0.0035, "mark_price": 0.00374694, "iv": 86.58, "instrument_name": "BTC-26MAR21-56000-C", "index_price": 52440.09, "direction": "sell", "amount": 0.3}, {"trade_seq": 7800, "trade_id": "138500017", "timestamp": 1616626208159, "tick_direction": 2, "price": 0.0035, "mark_price": 0.00374694, "iv": 86.58, "instrument_name": "BTC-26MAR21-56000-C", "index_price": 52440.09, "direction": "sell", "amount": 0.3}, {"trade_seq": 7799, "trade_id": "138494822", "timestamp": 1616625565735, "tick_direction": 0, "price": 0.0045, "mark_price": 0.00444154, "iv": 89.16, "instrument_name": "BTC-26MAR21-56000-C", "index_price": 52671.53, "direction": "sell", "amount": 0.1}, {"trade_seq": 7798, "trade_id": "138494026", "timestamp": 1616625527849, "tick_direction": 3, "price": 0.004, "mark_price": 0.00449684, "iv": 85.64, "instrument_name": "BTC-26MAR21-56000-C", "index_price": 52685.0, "direction": "sell", "amount": 1.0}, {"trade_seq": 7797, "trade_id": "138493915", "timestamp": 1616625520758, "tick_direction": 3, "price": 0.004, "mark_price": 0.00457513, "iv": 85.14, "instrument_name": "BTC-26MAR21-56000-C", "index_price": 52732.71, "direction": "sell", "amount": 0.5}, {"trade_seq": 7796, "trade_id": "138493914", "timestamp": 1616625520758, "tick_direction": 2, "price": 0.004, "mark_price": 0.00457513, "iv": 85.14, "instrument_name": "BTC-26MAR21-56000-C", "index_price": 52732.71, "direction": "sell", "amount": 0.5}, {"trade_seq": 7795, "trade_id": "138490189", "timestamp": 1616625215732, "tick_direction": 1, "price": 0.0045, "mark_price": 0.00316722, "iv": 97.95, "instrument_name": "BTC-26MAR21-56000-C", "index_price": 52294.54, "direction": "sell", "amount": 0.8}, {"trade_seq": 7794, "trade_id": "138490188", "timestamp": 1616625215729, "tick_direction": 1, "price": 0.0045, "mark_price": 0.00316722, "iv": 97.95, "instrument_name": "BTC-26MAR21-56000-C", "index_price": 52294.54, "direction": "buy", "amount": 0.1}, {"trade_seq": 7793, "trade_id": "138489744", "timestamp": 1616625156104, "tick_direction": 0, "price": 0.0045, "mark_price": 0.00320626, "iv": 97.24, "instrument_name": "BTC-26MAR21-56000-C", "index_price": 52318.24, "direction": "buy", "amount": 0.1}, {"trade_seq": 7792, "trade_id": "138487568", "timestamp": 1616624991649, "tick_direction": 2, "price": 0.004, "mark_price": 0.00324556, "iv": 92.33, "instrument_name": "BTC-26MAR21-56000-C", "index_price": 52360.18, "direction": "buy", "amount": 0.1}, {"trade_seq": 7791, "trade_id": "138486811", "timestamp": 1616624945183, "tick_direction": 1, "price": 0.0045, "mark_price": 0.00298343, "iv": 97.81, "instrument_name": "BTC-26MAR21-56000-C", "index_price": 52262.84, "direction": "buy", "amount": 9.0}, {"trade_seq": 7790, "trade_id": "138486810", "timestamp": 1616624945183, "tick_direction": 1, "price": 0.0045, "mark_price": 0.00298343, "iv": 97.81, "instrument_name": "BTC-26MAR21-56000-C", "index_price": 52262.84, "direction": "buy", "amount": 0.9}, {"trade_seq": 7789, "trade_id": "138486809", "timestamp": 1616624945183, "tick_direction": 0, "price": 0.0045, "mark_price": 0.00298343, "iv": 97.81, "instrument_name": "BTC-26MAR21-56000-C", "index_price": 52262.84, "direction": "buy", "amount": 0.1}, {"trade_seq": 7788, "trade_id": "138486567", "timestamp": 1616624933039, "tick_direction": 1, "price": 0.004, "mark_price": 0.0029573, "iv": 94.39, "instrument_name": "BTC-26MAR21-56000-C", "index_price": 52245.65, "direction": "sell", "amount": 0.5}, {"trade_seq": 7787, "trade_id": "138485808", "timestamp": 1616624891849, "tick_direction": 1, "price": 0.004, "mark_price": 0.00295761, "iv": 94.12, "instrument_name": "BTC-26MAR21-56000-C", "index_price": 52271.99, "direction": "sell", "amount": 0.3}, {"trade_seq": 7786, "trade_id": "138485807", "timestamp": 1616624891841, "tick_direction": 1, "price": 0.004, "mark_price": 0.00295761, "iv": 94.12, "instrument_name": "BTC-26MAR21-56000-C", "index_price": 52271.99, "direction": "buy", "amount": 0.6}, {"trade_seq": 7785, "trade_id": "138485806", "timestamp": 1616624891841, "tick_direction": 0, "price": 0.004, "mark_price": 0.00295761, "iv": 94.12, "instrument_name": "BTC-26MAR21-56000-C", "index_price": 52271.99, "direction": "buy", "amount": 0.1}, {"trade_seq": 7784, "trade_id": "138484280", "timestamp": 1616624834435, "tick_direction": 0, "price": 0.0035, "mark_price": 0.00285956, "iv": 90.86, "instrument_name": "BTC-26MAR21-56000-C", "index_price": 52230.22, "direction": "buy", "amount": 0.1}, {"trade_seq": 7783, "trade_id": "138480689", "timestamp": 1616624734987, "tick_direction": 2, "price": 0.003, "mark_price": 0.00202254, "iv": 94.4, "instrument_name": "BTC-26MAR21-56000-C", "index_price": 51866.99, "direction": "buy", "amount": 0.1}, {"trade_seq": 7782, "trade_id": "138470860", "timestamp": 1616624301936, "tick_direction": 3, "price": 0.0035, "mark_price": 0.00243831, "iv": 91.36, "instrument_name": "BTC-26MAR21-56000-C", "index_price": 52253.36, "direction": "sell", "amount": 1.0}, {"trade_seq": 7781, "trade_id": "138470459", "timestamp": 1616624291359, "tick_direction": 3, "price": 0.0035, "mark_price": 0.00257853, "iv": 89.97, "instrument_name": "BTC-26MAR21-56000-C", "index_price": 52333.64, "direction": "sell", "amount": 0.1}, {"trade_seq": 7780, "trade_id": "138470417", "timestamp": 1616624290453, "tick_direction": 3, "price": 0.0035, "mark_price": 0.00261694, "iv": 89.97, "instrument_name": "BTC-26MAR21-56000-C", "index_price": 52336.03, "direction": "sell", "amount": 0.3}, {"trade_seq": 7779, "trade_id": "138468910", "timestamp": 1616624258376, "tick_direction": 2, "price": 0.0035, "mark_price": 0.00275796, "iv": 88.53, "instrument_name": "BTC-26MAR21-56000-C", "index_price": 52424.86, "direction": "sell", "amount": 3.6}, {"trade_seq": 7778, "trade_id": "138459385", "timestamp": 1616623845512, "tick_direction": 2, "price": 0.0055, "mark_price": 0.00557253, "iv": 80.37, "instrument_name": "BTC-26MAR21-56000-C", "index_price": 53480.61, "direction": "sell", "amount": 16.0}, {"trade_seq": 7777, "trade_id": "138458574", "timestamp": 1616623727056, "tick_direction": 2, "price": 0.006, "mark_price": 0.00623097, "iv": 79.73, "instrument_name": "BTC-26MAR21-56000-C", "index_price": 53661.8, "direction": "sell", "amount": 0.5}, {"trade_seq": 7776, "trade_id": "138458483", "timestamp": 1616623711417, "tick_direction": 0, "price": 0.0065, "mark_price": 0.00598376, "iv": 83.74, "instrument_name": "BTC-26MAR21-56000-C", "index_price": 53599.18, "direction": "buy", "amount": 0.1}, {"trade_seq": 7775, "trade_id": "138450924", "timestamp": 1616622650677, "tick_direction": 3, "price": 0.006, "mark_price": 0.00594247, "iv": 78.39, "instrument_name": "BTC-26MAR21-56000-C", "index_price": 53693.98, "direction": "buy", "amount": 0.1}, {"trade_seq": 7774, "trade_id": "138450923", "timestamp": 1616622650651, "tick_direction": 2, "price": 0.006, "mark_price": 0.00594247, "iv": 78.39, "instrument_name": "BTC-26MAR21-56000-C", "index_price": 53693.98, "direction": "sell", "amount": 0.5}, {"trade_seq": 7773, "trade_id": "138448822", "timestamp": 1616622439289, "tick_direction": 0, "price": 0.0065, "mark_price": 0.00699599, "iv": 75.11, "instrument_name": "BTC-26MAR21-56000-C", "index_price": 53926.16, "direction": "buy", "amount": 0.1}, {"trade_seq": 7772, "trade_id": "138444987", "timestamp": 1616621751400, "tick_direction": 3, "price": 0.006, "mark_price": 0.00596107, "iv": 77.61, "instrument_name": "BTC-26MAR21-56000-C", "index_price": 53705.78, "direction": "buy", "amount": 0.2}, {"trade_seq": 7771, "trade_id": "138444986", "timestamp": 1616621751305, "tick_direction": 3, "price": 0.006, "mark_price": 0.00596107, "iv": 77.61, "instrument_name": "BTC-26MAR21-56000-C", "index_price": 53705.78, "direction": "buy", "amount": 0.1}, {"trade_seq": 7770, "trade_id": "138444983", "timestamp": 1616621750934, "tick_direction": 3, "price": 0.006, "mark_price": 0.00596107, "iv": 77.63, "instrument_name": "BTC-26MAR21-56000-C", "index_price": 53698.73, "direction": "buy", "amount": 0.4}, {"trade_seq": 7769, "trade_id": "138444978", "timestamp": 1616621750544, "tick_direction": 2, "price": 0.006, "mark_price": 0.00596107, "iv": 77.63, "instrument_name": "BTC-26MAR21-56000-C", "index_price": 53698.73, "direction": "buy", "amount": 0.1}, {"trade_seq": 7768, "trade_id": "138440490", "timestamp": 1616620560509, "tick_direction": 3, "price": 0.0065, "mark_price": 0.00679312, "iv": 74.68, "instrument_name": "BTC-26MAR21-56000-C", "index_price": 53937.79, "direction": "buy", "amount": 2.8}, {"trade_seq": 7767, "trade_id": "138440489", "timestamp": 1616620560502, "tick_direction": 2, "price": 0.0065, "mark_price": 0.00679312, "iv": 74.68, "instrument_name": "BTC-26MAR21-56000-C", "index_price": 53937.79, "direction": "buy", "amount": 7.2}, {"trade_seq": 7766, "trade_id": "138426327", "timestamp": 1616619034181, "tick_direction": 0, "price": 0.0075, "mark_price": 0.00756761, "iv": 76.6, "instrument_name": "BTC-26MAR21-56000-C", "index_price": 54046.83, "direction": "buy", "amount": 0.1}, {"trade_seq": 7765, "trade_id": "138425438", "timestamp": 1616618988673, "tick_direction": 3, "price": 0.0065, "mark_price": 0.00671807, "iv": 75.86, "instrument_name": "BTC-26MAR21-56000-C", "index_price": 53875.61, "direction": "sell", "amount": 0.1}, {"trade_seq": 7764, "trade_id": "138423682", "timestamp": 1616618826330, "tick_direction": 3, "price": 0.0065, "mark_price": 0.00642963, "iv": 77.35, "instrument_name": "BTC-26MAR21-56000-C", "index_price": 53780.02, "direction": "sell", "amount": 0.4}, {"trade_seq": 7763, "trade_id": "138423681", "timestamp": 1616618826077, "tick_direction": 3, "price": 0.0065, "mark_price": 0.00642963, "iv": 77.33, "instrument_name": "BTC-26MAR21-56000-C", "index_price": 53786.28, "direction": "sell", "amount": 0.2}, {"trade_seq": 7762, "trade_id": "138423673", "timestamp": 1616618825626, "tick_direction": 2, "price": 0.0065, "mark_price": 0.00650812, "iv": 77.33, "instrument_name": "BTC-26MAR21-56000-C", "index_price": 53786.28, "direction": "sell", "amount": 0.2}, {"trade_seq": 7761, "trade_id": "138423272", "timestamp": 1616618792127, "tick_direction": 1, "price": 0.007, "mark_price": 0.00676025, "iv": 78.15, "instrument_name": "BTC-26MAR21-56000-C", "index_price": 53843.1, "direction": "buy", "amount": 0.5}, {"trade_seq": 7760, "trade_id": "138423271", "timestamp": 1616618792127, "tick_direction": 0, "price": 0.007, "mark_price": 0.00676025, "iv": 78.15, "instrument_name": "BTC-26MAR21-56000-C", "index_price": 53843.1, "direction": "buy", "amount": 0.1}, {"trade_seq": 7759, "trade_id": "138415112", "timestamp": 1616618284031, "tick_direction": 0, "price": 0.0055, "mark_price": 0.00504871, "iv": 78.56, "instrument_name": "BTC-26MAR21-56000-C", "index_price": 53464.94, "direction": "buy", "amount": 0.1}, {"trade_seq": 7758, "trade_id": "138408455", "timestamp": 1616618024848, "tick_direction": 2, "price": 0.005, "mark_price": 0.00495901, "iv": 74.6, "instrument_name": "BTC-26MAR21-56000-C", "index_price": 53543.33, "direction": "sell", "amount": 0.4}, {"trade_seq": 7757, "trade_id": "138406700", "timestamp": 1616617931480, "tick_direction": 0, "price": 0.0055, "mark_price": 0.00504255, "iv": 76.52, "instrument_name": "BTC-26MAR21-56000-C", "index_price": 53582.77, "direction": "buy", "amount": 0.1}, {"trade_seq": 7756, "trade_id": "138406125", "timestamp": 1616617908514, "tick_direction": 3, "price": 0.005, "mark_price": 0.00418479, "iv": 78.75, "instrument_name": "BTC-26MAR21-56000-C", "index_price": 53355.82, "direction": "buy", "amount": 0.1}, {"trade_seq": 7755, "trade_id": "138405894", "timestamp": 1616617902023, "tick_direction": 3, "price": 0.005, "mark_price": 0.00424358, "iv": 78.34, "instrument_name": "BTC-26MAR21-56000-C", "index_price": 53331.47, "direction": "buy", "amount": 0.9}, {"trade_seq": 7754, "trade_id": "138405893", "timestamp": 1616617902023, "tick_direction": 3, "price": 0.005, "mark_price": 0.00424358, "iv": 78.34, "instrument_name": "BTC-26MAR21-56000-C", "index_price": 53331.47, "direction": "buy", "amount": 0.1}, {"trade_seq": 7753, "trade_id": "138404270", "timestamp": 1616617855285, "tick_direction": 2, "price": 0.005, "mark_price": 0.00420536, "iv": 78.44, "instrument_name": "BTC-26MAR21-56000-C", "index_price": 53378.03, "direction": "sell", "amount": 0.1}, {"trade_seq": 7752, "trade_id": "138402354", "timestamp": 1616617805414, "tick_direction": 3, "price": 0.0055, "mark_price": 0.00508308, "iv": 75.59, "instrument_name": "BTC-26MAR21-56000-C", "index_price": 53637.79, "direction": "sell", "amount": 0.2}, {"trade_seq": 7751, "trade_id": "138400799", "timestamp": 1616617724908, "tick_direction": 3, "price": 0.0055, "mark_price": 0.00482022, "iv": 76.75, "instrument_name": "BTC-26MAR21-56000-C", "index_price": 53602.71, "direction": "sell", "amount": 0.4}, {"trade_seq": 7750, "trade_id": "138400762", "timestamp": 1616617723318, "tick_direction": 3, "price": 0.0055, "mark_price": 0.00483276, "iv": 76.75, "instrument_name": "BTC-26MAR21-56000-C", "index_price": 53605.11, "direction": "sell", "amount": 0.2}, {"trade_seq": 7749, "trade_id": "138400675", "timestamp": 1616617719371, "tick_direction": 3, "price": 0.0055, "mark_price": 0.00493545, "iv": 76.0, "instrument_name": "BTC-26MAR21-56000-C", "index_price": 53633.47, "direction": "sell", "amount": 0.4}, {"trade_seq": 7748, "trade_id": "138400652", "timestamp": 1616617719062, "tick_direction": 3, "price": 0.0055, "mark_price": 0.00493545, "iv": 76.04, "instrument_name": "BTC-26MAR21-56000-C", "index_price": 53642.88, "direction": "sell", "amount": 0.3}, {"trade_seq": 7747, "trade_id": "138400644", "timestamp": 1616617718481, "tick_direction": 3, "price": 0.0055, "mark_price": 0.00494964, "iv": 76.04, "instrument_name": "BTC-26MAR21-56000-C", "index_price": 53642.88, "direction": "sell", "amount": 0.2}, {"trade_seq": 7746, "trade_id": "138400429", "timestamp": 1616617710578, "tick_direction": 3, "price": 0.0055, "mark_price": 0.00500765, "iv": 75.56, "instrument_name": "BTC-26MAR21-56000-C", "index_price": 53663.28, "direction": "sell", "amount": 0.3}, {"trade_seq": 7745, "trade_id": "138400263", "timestamp": 1616617705909, "tick_direction": 3, "price": 0.0055, "mark_price": 0.00505418, "iv": 75.28, "instrument_name": "BTC-26MAR21-56000-C", "index_price": 53685.05, "direction": "sell", "amount": 0.3}, {"trade_seq": 7744, "trade_id": "138400254", "timestamp": 1616617705577, "tick_direction": 3, "price": 0.0055, "mark_price": 0.00504516, "iv": 75.28, "instrument_name": "BTC-26MAR21-56000-C", "index_price": 53685.05, "direction": "sell", "amount": 0.3}, {"trade_seq": 7743, "trade_id": "138400032", "timestamp": 1616617702685, "tick_direction": 3, "price": 0.0055, "mark_price": 0.00510193, "iv": 75.22, "instrument_name": "BTC-26MAR21-56000-C", "index_price": 53689.07, "direction": "sell", "amount": 0.2}, {"trade_seq": 7742, "trade_id": "138399961", "timestamp": 1616617699758, "tick_direction": 3, "price": 0.0055, "mark_price": 0.005146, "iv": 74.72, "instrument_name": "BTC-26MAR21-56000-C", "index_price": 53712.11, "direction": "sell", "amount": 0.2}, {"trade_seq": 7741, "trade_id": "138399955", "timestamp": 1616617699478, "tick_direction": 2, "price": 0.0055, "mark_price": 0.00516873, "iv": 74.72, "instrument_name": "BTC-26MAR21-56000-C", "index_price": 53712.11, "direction": "sell", "amount": 0.2}, {"trade_seq": 7740, "trade_id": "138398443", "timestamp": 1616617635566, "tick_direction": 3, "price": 0.006, "mark_price": 0.0055744, "iv": 74.69, "instrument_name": "BTC-26MAR21-56000-C", "index_price": 53846.86, "direction": "buy", "amount": 0.1}, {"trade_seq": 7739, "trade_id": "138396589", "timestamp": 1616617589189, "tick_direction": 2, "price": 0.006, "mark_price": 0.00600529, "iv": 72.23, "instrument_name": "BTC-26MAR21-56000-C", "index_price": 53936.23, "direction": "sell", "amount": 0.3}, {"trade_seq": 7738, "trade_id": "138395356", "timestamp": 1616617575487, "tick_direction": 3, "price": 0.007, "mark_price": 0.00638616, "iv": 75.24, "instrument_name": "BTC-26MAR21-56000-C", "index_price": 54028.61, "direction": "sell", "amount": 0.1}, {"trade_seq": 7737, "trade_id": "138394799", "timestamp": 1616617544333, "tick_direction": 2, "price": 0.007, "mark_price": 0.0067512, "iv": 73.24, "instrument_name": "BTC-26MAR21-56000-C", "index_price": 54122.06, "direction": "sell", "amount": 0.1}, {"trade_seq": 7736, "trade_id": "138392899", "timestamp": 1616617338219, "tick_direction": 1, "price": 0.008, "mark_price": 0.0075845, "iv": 73.65, "instrument_name": "BTC-26MAR21-56000-C", "index_price": 54279.71, "direction": "buy", "amount": 0.8}, {"trade_seq": 7735, "trade_id": "138392898", "timestamp": 1616617338219, "tick_direction": 1, "price": 0.008, "mark_price": 0.0075845, "iv": 73.65, "instrument_name": "BTC-26MAR21-56000-C", "index_price": 54279.71, "direction": "buy", "amount": 0.1}, {"trade_seq": 7734, "trade_id": "138392897", "timestamp": 1616617338219, "tick_direction": 0, "price": 0.008, "mark_price": 0.0075845, "iv": 73.65, "instrument_name": "BTC-26MAR21-56000-C", "index_price": 54279.71, "direction": "buy", "amount": 0.1}, {"trade_seq": 7733, "trade_id": "138392773", "timestamp": 1616617321978, "tick_direction": 1, "price": 0.0075, "mark_price": 0.00752678, "iv": 71.28, "instrument_name": "BTC-26MAR21-56000-C", "index_price": 54285.97, "direction": "sell", "amount": 0.2}, {"trade_seq": 7732, "trade_id": "138392772", "timestamp": 1616617321978, "tick_direction": 1, "price": 0.0075, "mark_price": 0.00752678, "iv": 71.28, "instrument_name": "BTC-26MAR21-56000-C", "index_price": 54285.97, "direction": "sell", "amount": 0.3}, {"trade_seq": 7731, "trade_id": "138390944", "timestamp": 1616617165931, "tick_direction": 0, "price": 0.0075, "mark_price": 0.00746004, "iv": 71.27, "instrument_name": "BTC-26MAR21-56000-C", "index_price": 54290.25, "direction": "buy", "amount": 0.1}, {"trade_seq": 7730, "trade_id": "138388946", "timestamp": 1616617078630, "tick_direction": 3, "price": 0.0065, "mark_price": 0.00625632, "iv": 72.44, "instrument_name": "BTC-26MAR21-56000-C", "index_price": 54003.3, "direction": "buy", "amount": 8.9}, {"trade_seq": 7729, "trade_id": "138388917", "timestamp": 1616617075482, "tick_direction": 3, "price": 0.0065, "mark_price": 0.00635894, "iv": 72.08, "instrument_name": "BTC-26MAR21-56000-C", "index_price": 54013.31, "direction": "sell", "amount": 16.0}, {"trade_seq": 7728, "trade_id": "138388916", "timestamp": 1616617075482, "tick_direction": 2, "price": 0.0065, "mark_price": 0.00635894, "iv": 72.08, "instrument_name": "BTC-26MAR21-56000-C", "index_price": 54013.31, "direction": "sell", "amount": 0.7}, {"trade_seq": 7727, "trade_id": "138386224", "timestamp": 1616616944310, "tick_direction": 2, "price": 0.0075, "mark_price": 0.00706942, "iv": 72.84, "instrument_name": "BTC-26MAR21-56000-C", "index_price": 54184.64, "direction": "buy", "amount": 16.0}, {"trade_seq": 7726, "trade_id": "138375900", "timestamp": 1616616347686, "tick_direction": 3, "price": 0.0085, "mark_price": 0.00812643, "iv": 71.74, "instrument_name": "BTC-26MAR21-56000-C", "index_price": 54449.92, "direction": "buy", "amount": 0.1}, {"trade_seq": 7725, "trade_id": "138374730", "timestamp": 1616616237065, "tick_direction": 3, "price": 0.0085, "mark_price": 0.00834555, "iv": 70.58, "instrument_name": "BTC-26MAR21-56000-C", "index_price": 54479.22, "direction": "sell", "amount": 0.1}, {"trade_seq": 7724, "trade_id": "138374711", "timestamp": 1616616236609, "tick_direction": 2, "price": 0.0085, "mark_price": 0.00837295, "iv": 70.58, "instrument_name": "BTC-26MAR21-56000-C", "index_price": 54479.22, "direction": "sell", "amount": 0.2}, {"trade_seq": 7723, "trade_id": "138373609", "timestamp": 1616616073350, "tick_direction": 3, "price": 0.009, "mark_price": 0.00854075, "iv": 71.93, "instrument_name": "BTC-26MAR21-56000-C", "index_price": 54514.72, "direction": "sell", "amount": 1.2}, {"trade_seq": 7722, "trade_id": "138373601", "timestamp": 1616616070804, "tick_direction": 3, "price": 0.009, "mark_price": 0.00854715, "iv": 71.69, "instrument_name": "BTC-26MAR21-56000-C", "index_price": 54529.01, "direction": "sell", "amount": 0.1}, {"trade_seq": 7721, "trade_id": "138373575", "timestamp": 1616616068875, "tick_direction": 3, "price": 0.009, "mark_price": 0.0085764, "iv": 71.54, "instrument_name": "BTC-26MAR21-56000-C", "index_price": 54531.36, "direction": "sell", "amount": 0.1}, {"trade_seq": 7720, "trade_id": "138373574", "timestamp": 1616616068770, "tick_direction": 3, "price": 0.009, "mark_price": 0.0085764, "iv": 71.54, "instrument_name": "BTC-26MAR21-56000-C", "index_price": 54531.36, "direction": "sell", "amount": 0.2}, {"trade_seq": 7719, "trade_id": "138373572", "timestamp": 1616616068374, "tick_direction": 3, "price": 0.009, "mark_price": 0.00857173, "iv": 71.54, "instrument_name": "BTC-26MAR21-56000-C", "index_price": 54531.36, "direction": "sell", "amount": 0.2}, {"trade_seq": 7718, "trade_id": "138373564", "timestamp": 1616616067882, "tick_direction": 3, "price": 0.009, "mark_price": 0.00857173, "iv": 71.56, "instrument_name": "BTC-26MAR21-56000-C", "index_price": 54534.76, "direction": "sell", "amount": 0.1}, {"trade_seq": 7717, "trade_id": "138373412", "timestamp": 1616616061910, "tick_direction": 2, "price": 0.009, "mark_price": 0.00874377, "iv": 70.76, "instrument_name": "BTC-26MAR21-56000-C", "index_price": 54543.97, "direction": "sell", "amount": 0.1}, {"trade_seq": 7716, "trade_id": "138373077", "timestamp": 1616616038192, "tick_direction": 0, "price": 0.0095, "mark_price": 0.00923174, "iv": 70.68, "instrument_name": "BTC-26MAR21-56000-C", "index_price": 54647.19, "direction": "buy", "amount": 0.1}, {"trade_seq": 7715, "trade_id": "138372962", "timestamp": 1616616022434, "tick_direction": 2, "price": 0.009, "mark_price": 0.00904474, "iv": 69.31, "instrument_name": "BTC-26MAR21-56000-C", "index_price": 54624.7, "direction": "sell", "amount": 0.1}, {"trade_seq": 7714, "trade_id": "138370992", "timestamp": 1616615693792, "tick_direction": 2, "price": 0.01, "mark_price": 0.00998877, "iv": 69.71, "instrument_name": "BTC-26MAR21-56000-C", "index_price": 54781.59, "direction": "sell", "amount": 0.1}, {"trade_seq": 7713, "trade_id": "138370275", "timestamp": 1616615555505, "tick_direction": 2, "price": 0.0105, "mark_price": 0.01048992, "iv": 69.44, "instrument_name": "BTC-26MAR21-56000-C", "index_price": 54862.36, "direction": "sell", "amount": 0.1}, {"trade_seq": 7712, "trade_id": "138369771", "timestamp": 1616615419812, "tick_direction": 0, "price": 0.0115, "mark_price": 0.01065517, "iv": 72.42, "instrument_name": "BTC-26MAR21-56000-C", "index_price": 54913.72, "direction": "buy", "amount": 0.1}, {"trade_seq": 7711, "trade_id": "138369478", "timestamp": 1616615361956, "tick_direction": 1, "price": 0.011, "mark_price": 0.01053449, "iv": 70.69, "instrument_name": "BTC-26MAR21-56000-C", "index_price": 54893.67, "direction": "buy", "amount": 1.0}, {"trade_seq": 7710, "trade_id": "138369477", "timestamp": 1616615361956, "tick_direction": 1, "price": 0.011, "mark_price": 0.01053449, "iv": 70.69, "instrument_name": "BTC-26MAR21-56000-C", "index_price": 54893.67, "direction": "buy", "amount": 0.9}, {"trade_seq": 7709, "trade_id": "138369476", "timestamp": 1616615361956, "tick_direction": 0, "price": 0.011, "mark_price": 0.01053449, "iv": 70.69, "instrument_name": "BTC-26MAR21-56000-C", "index_price": 54893.67, "direction": "buy", "amount": 0.1}, {"trade_seq": 7708, "trade_id": "138369271", "timestamp": 1616615345392, "tick_direction": 1, "price": 0.0105, "mark_price": 0.01042157, "iv": 69.08, "instrument_name": "BTC-26MAR21-56000-C", "index_price": 54878.31, "direction": "sell", "amount": 0.1}, {"trade_seq": 7707, "trade_id": "138369177", "timestamp": 1616615325547, "tick_direction": 1, "price": 0.0105, "mark_price": 0.01007027, "iv": 70.54, "instrument_name": "BTC-26MAR21-56000-C", "index_price": 54828.44, "direction": "buy", "amount": 0.1}, {"trade_seq": 7706, "trade_id": "138369141", "timestamp": 1616615308998, "tick_direction": 1, "price": 0.0105, "mark_price": 0.01005039, "iv": 70.55, "instrument_name": "BTC-26MAR21-56000-C", "index_price": 54821.81, "direction": "buy", "amount": 0.3}, {"trade_seq": 7705, "trade_id": "138369140", "timestamp": 1616615308998, "tick_direction": 0, "price": 0.0105, "mark_price": 0.01005039, "iv": 70.55, "instrument_name": "BTC-26MAR21-56000-C", "index_price": 54821.81, "direction": "buy", "amount": 0.1}, {"trade_seq": 7704, "trade_id": "138368061", "timestamp": 1616615164650, "tick_direction": 3, "price": 0.0095, "mark_price": 0.00905018, "iv": 70.62, "instrument_name": "BTC-26MAR21-56000-C", "index_price": 54661.33, "direction": "sell", "amount": 1.1}, {"trade_seq": 7703, "trade_id": "138368046", "timestamp": 1616615162820, "tick_direction": 3, "price": 0.0095, "mark_price": 0.00906722, "iv": 70.52, "instrument_name": "BTC-26MAR21-56000-C", "index_price": 54660.89, "direction": "sell", "amount": 0.1}, {"trade_seq": 7702, "trade_id": "138368045", "timestamp": 1616615162812, "tick_direction": 3, "price": 0.0095, "mark_price": 0.00906722, "iv": 70.52, "instrument_name": "BTC-26MAR21-56000-C", "index_price": 54660.89, "direction": "sell", "amount": 0.3}, {"trade_seq": 7701, "trade_id": "138368040", "timestamp": 1616615161806, "tick_direction": 3, "price": 0.0095, "mark_price": 0.00906752, "iv": 70.54, "instrument_name": "BTC-26MAR21-56000-C", "index_price": 54665.42, "direction": "sell", "amount": 0.1}, {"trade_seq": 7700, "trade_id": "138368039", "timestamp": 1616615161713, "tick_direction": 3, "price": 0.0095, "mark_price": 0.00906752, "iv": 70.54, "instrument_name": "BTC-26MAR21-56000-C", "index_price": 54665.42, "direction": "sell", "amount": 0.1}, {"trade_seq": 7699, "trade_id": "138368034", "timestamp": 1616615160232, "tick_direction": 3, "price": 0.0095, "mark_price": 0.00913435, "iv": 70.27, "instrument_name": "BTC-26MAR21-56000-C", "index_price": 54669.18, "direction": "sell", "amount": 0.1}