{"trades": [{"trade_seq": 506, "trade_id": "244882752", "timestamp": 1678743024187, "tick_direction": 0, "price": 0.0005, "mark_price": 2.18e-06, "iv": 152.22, "instrument_name": "BTC-31MAR23-60000-C", "index_price": 24198.01, "direction": "buy", "amount": 0.5}, {"trade_seq": 505, "trade_id": "242934327", "timestamp": 1677377360798, "tick_direction": 2, "price": 0.0001, "mark_price": 6.469e-05, "iv": 99.51, "instrument_name": "BTC-31MAR23-60000-C", "index_price": 23079.8, "direction": "sell", "block_trade_id": "66147", "amount": 0.1}, {"trade_seq": 504, "trade_id": "242453679", "timestamp": 1676987654368, "tick_direction": 3, "price": 0.0005, "mark_price": 0.0001859, "iv": 101.22, "instrument_name": "BTC-31MAR23-60000-C", "index_price": 24598.05, "direction": "buy", "amount": 0.4}, {"trade_seq": 503, "trade_id": "242369709", "timestamp": 1676911099787, "tick_direction": 2, "price": 0.0005, "mark_price": 0.00023038, "iv": 99.33, "instrument_name": "BTC-31MAR23-60000-C", "index_price": 24761.88, "direction": "buy", "amount": 0.1}, {"trade_seq": 502, "trade_id": "240735195", "timestamp": 1675356899969, "tick_direction": 1, "price": 0.001, "mark_price": 0.00071471, "iv": 91.64, "instrument_name": "BTC-31MAR23-60000-C", "index_price": 23815.5, "direction": "buy", "amount": 5.0}, {"trade_seq": 501, "trade_id": "240735194", "timestamp": 1675356895490, "tick_direction": 0, "price": 0.001, "mark_price": 0.00071496, "iv": 91.64, "instrument_name": "BTC-31MAR23-60000-C", "index_price": 23816.58, "direction": "buy", "amount": 5.0}, {"trade_seq": 500, "trade_id": "240735177", "timestamp": 1675356829465, "tick_direction": 3, "price": 0.0005, "mark_price": 0.00071321, "iv": 85.17, "instrument_name": "BTC-31MAR23-60000-C", "index_price": 23810.39, "direction": "buy", "amount": 0.5}, {"trade_seq": 499, "trade_id": "240653252", "timestamp": 1675290095112, "tick_direction": 3, "price": 0.0005, "mark_price": 0.00072008, "iv": 84.57, "instrument_name": "BTC-31MAR23-60000-C", "index_price": 23798.68, "direction": "buy", "amount": 0.2}, {"trade_seq": 498, "trade_id": "240467967", "timestamp": 1675082977089, "tick_direction": 2, "price": 0.0005, "mark_price": 0.00059388, "iv": 85.43, "instrument_name": "BTC-31MAR23-60000-C", "index_price": 23063.18, "direction": "sell", "amount": 0.2}, {"trade_seq": 497, "trade_id": "240180409", "timestamp": 1674714180292, "tick_direction": 1, "price": 0.001, "mark_price": 0.0011641, "iv": 89.12, "instrument_name": "BTC-31MAR23-60000-C", "index_price": 22956.11, "direction": "sell", "amount": 5.0}, {"trade_seq": 496, "trade_id": "240154535", "timestamp": 1674686205177, "tick_direction": 1, "price": 0.001, "mark_price": 0.00088378, "iv": 87.33, "instrument_name": "BTC-31MAR23-60000-C", "index_price": 23388.73, "direction": "sell", "amount": 0.9}, {"trade_seq": 495, "trade_id": "239916276", "timestamp": 1674435029771, "tick_direction": 1, "price": 0.002, "mark_price": 0.00117825, "iv": 95.03, "instrument_name": "BTC-31MAR23-60000-C", "index_price": 22776.15, "direction": "buy", "amount": 0.2}, {"trade_seq": 494, "trade_id": "239916275", "timestamp": 1674435024193, "tick_direction": 1, "price": 0.002, "mark_price": 0.00117534, "iv": 95.03, "instrument_name": "BTC-31MAR23-60000-C", "index_price": 22776.61, "direction": "buy", "amount": 0.5}, {"trade_seq": 493, "trade_id": "239916264", "timestamp": 1674434992548, "tick_direction": 1, "price": 0.002, "mark_price": 0.00115478, "iv": 95.05, "instrument_name": "BTC-31MAR23-60000-C", "index_price": 22772.69, "direction": "buy", "amount": 1.0}, {"trade_seq": 492, "trade_id": "239916261", "timestamp": 1674434987301, "tick_direction": 1, "price": 0.002, "mark_price": 0.00115156, "iv": 95.05, "instrument_name": "BTC-31MAR23-60000-C", "index_price": 22772.91, "direction": "buy", "amount": 0.9}, {"trade_seq": 491, "trade_id": "239916260", "timestamp": 1674434987301, "tick_direction": 0, "price": 0.002, "mark_price": 0.00115156, "iv": 95.05, "instrument_name": "BTC-31MAR23-60000-C", "index_price": 22772.91, "direction": "buy", "amount": 0.1}, {"trade_seq": 490, "trade_id": "239916251", "timestamp": 1674434914822, "tick_direction": 1, "price": 0.0015, "mark_price": 0.00112813, "iv": 91.79, "instrument_name": "BTC-31MAR23-60000-C", "index_price": 22766.63, "direction": "sell", "amount": 3.6}, {"trade_seq": 489, "trade_id": "239916214", "timestamp": 1674434846262, "tick_direction": 1, "price": 0.0015, "mark_price": 0.00107832, "iv": 91.83, "instrument_name": "BTC-31MAR23-60000-C", "index_price": 22750.73, "direction": "sell", "amount": 1.7}, {"trade_seq": 488, "trade_id": "239916213", "timestamp": 1674434840559, "tick_direction": 1, "price": 0.0015, "mark_price": 0.0010757, "iv": 91.82, "instrument_name": "BTC-31MAR23-60000-C", "index_price": 22752.32, "direction": "sell", "amount": 1.3}, {"trade_seq": 487, "trade_id": "239916212", "timestamp": 1674434836225, "tick_direction": 1, "price": 0.0015, "mark_price": 0.00107285, "iv": 91.82, "instrument_name": "BTC-31MAR23-60000-C", "index_price": 22754.42, "direction": "sell", "amount": 10.7}, {"trade_seq": 486, "trade_id": "239916211", "timestamp": 1674434836224, "tick_direction": 1, "price": 0.0015, "mark_price": 0.00107285, "iv": 91.82, "instrument_name": "BTC-31MAR23-60000-C", "index_price": 22754.42, "direction": "sell", "amount": 2.7}, {"trade_seq": 485, "trade_id": "239916125", "timestamp": 1674434706810, "tick_direction": 1, "price": 0.0015, "mark_price": 0.00100839, "iv": 91.76, "instrument_name": "BTC-31MAR23-60000-C", "index_price": 22770.14, "direction": "sell", "amount": 1.0}, {"trade_seq": 484, "trade_id": "239916124", "timestamp": 1674434698046, "tick_direction": 1, "price": 0.0015, "mark_price": 0.00100389, "iv": 91.76, "instrument_name": "BTC-31MAR23-60000-C", "index_price": 22770.57, "direction": "sell", "amount": 5.0}, {"trade_seq": 483, "trade_id": "239916109", "timestamp": 1674434605530, "tick_direction": 1, "price": 0.0015, "mark_price": 0.00095571, "iv": 91.77, "instrument_name": "BTC-31MAR23-60000-C", "index_price": 22766.72, "direction": "buy", "amount": 5.0}, {"trade_seq": 482, "trade_id": "239905061", "timestamp": 1674420861463, "tick_direction": 3, "price": 0.0005, "mark_price": 0.00102539, "iv": 82.58, "instrument_name": "BTC-31MAR23-60000-C", "index_price": 22405.27, "direction": "sell", "amount": 0.1}, {"trade_seq": 481, "trade_id": "239905000", "timestamp": 1674420854262, "tick_direction": 3, "price": 0.0005, "mark_price": 0.00102538, "iv": 82.59, "instrument_name": "BTC-31MAR23-60000-C", "index_price": 22398.45, "direction": "sell", "amount": 8.5}, {"trade_seq": 480, "trade_id": "239904948", "timestamp": 1674420847065, "tick_direction": 3, "price": 0.0005, "mark_price": 0.00103074, "iv": 82.56, "instrument_name": "BTC-31MAR23-60000-C", "index_price": 22406.85, "direction": "sell", "amount": 13.4}, {"trade_seq": 479, "trade_id": "239904947", "timestamp": 1674420847065, "tick_direction": 3, "price": 0.0005, "mark_price": 0.00103074, "iv": 82.56, "instrument_name": "BTC-31MAR23-60000-C", "index_price": 22406.85, "direction": "sell", "amount": 26.0}, {"trade_seq": 478, "trade_id": "239904946", "timestamp": 1674420847065, "tick_direction": 3, "price": 0.0005, "mark_price": 0.00103074, "iv": 82.56, "instrument_name": "BTC-31MAR23-60000-C", "index_price": 22406.85, "direction": "sell", "amount": 27.0}, {"trade_seq": 477, "trade_id": "239904945", "timestamp": 1674420847065, "tick_direction": 3, "price": 0.0005, "mark_price": 0.00103074, "iv": 82.56, "instrument_name": "BTC-31MAR23-60000-C", "index_price": 22406.85, "direction": "sell", "amount": 15.0}, {"trade_seq": 476, "trade_id": "239904944", "timestamp": 1674420847065, "tick_direction": 2, "price": 0.0005, "mark_price": 0.00103074, "iv": 82.56, "instrument_name": "BTC-31MAR23-60000-C", "index_price": 22406.85, "direction": "sell", "amount": 5.0}, {"trade_seq": 475, "trade_id": "239851121", "timestamp": 1674344072455, "tick_direction": 1, "price": 0.0015, "mark_price": 0.00194461, "iv": 90.66, "instrument_name": "BTC-31MAR23-60000-C", "index_price": 22849.88, "direction": "buy", "amount": 0.1}, {"trade_seq": 474, "trade_id": "239851120", "timestamp": 1674344072453, "tick_direction": 0, "price": 0.0015, "mark_price": 0.00194461, "iv": 90.66, "instrument_name": "BTC-31MAR23-60000-C", "index_price": 22849.88, "direction": "sell", "amount": 2.0}, {"trade_seq": 473, "trade_id": "239766158", "timestamp": 1674283909864, "tick_direction": 1, "price": 0.001, "mark_price": 0.00074087, "iv": 86.87, "instrument_name": "BTC-31MAR23-60000-C", "index_price": 22621.15, "direction": "buy", "amount": 0.2}, {"trade_seq": 472, "trade_id": "239766157", "timestamp": 1674283909864, "tick_direction": 1, "price": 0.001, "mark_price": 0.00074087, "iv": 86.87, "instrument_name": "BTC-31MAR23-60000-C", "index_price": 22621.15, "direction": "buy", "amount": 2.8}, {"trade_seq": 471, "trade_id": "239727424", "timestamp": 1674249386733, "tick_direction": 1, "price": 0.001, "mark_price": 0.00070261, "iv": 87.87, "instrument_name": "BTC-31MAR23-60000-C", "index_price": 22295.14, "direction": "buy", "amount": 0.9}, {"trade_seq": 470, "trade_id": "239723318", "timestamp": 1674248325706, "tick_direction": 0, "price": 0.001, "mark_price": 0.00055355, "iv": 88.02, "instrument_name": "BTC-31MAR23-60000-C", "index_price": 22247.96, "direction": "buy", "amount": 1.3}, {"trade_seq": 469, "trade_id": "239608855", "timestamp": 1674127402021, "tick_direction": 3, "price": 0.0005, "mark_price": 0.00087404, "iv": 86.04, "instrument_name": "BTC-31MAR23-60000-C", "index_price": 20720.22, "direction": "sell", "amount": 0.5}, {"trade_seq": 468, "trade_id": "239434915", "timestamp": 1673953785685, "tick_direction": 2, "price": 0.001, "mark_price": 0.00122522, "iv": 89.58, "instrument_name": "BTC-31MAR23-60000-C", "index_price": 21154.19, "direction": "sell", "amount": 2.0}, {"trade_seq": 467, "trade_id": "239368417", "timestamp": 1673884808093, "tick_direction": 1, "price": 0.0015, "mark_price": 0.00121602, "iv": 93.78, "instrument_name": "BTC-31MAR23-60000-C", "index_price": 20998.18, "direction": "buy", "amount": 2.0}, {"trade_seq": 466, "trade_id": "239368416", "timestamp": 1673884808093, "tick_direction": 0, "price": 0.0015, "mark_price": 0.00121602, "iv": 93.78, "instrument_name": "BTC-31MAR23-60000-C", "index_price": 20998.18, "direction": "buy", "amount": 2.0}, {"trade_seq": 465, "trade_id": "239231021", "timestamp": 1673740283134, "tick_direction": 0, "price": 0.002, "mark_price": 0.00173258, "iv": 95.95, "instrument_name": "BTC-31MAR23-60000-C", "index_price": 21023.54, "direction": "buy", "amount": 2.1}, {"trade_seq": 464, "trade_id": "239197943", "timestamp": 1673707801425, "tick_direction": 0, "price": 0.001, "mark_price": 0.00105762, "iv": 89.12, "instrument_name": "BTC-31MAR23-60000-C", "index_price": 20805.21, "direction": "sell", "amount": 1.3}, {"trade_seq": 463, "trade_id": "238984177", "timestamp": 1673605685815, "tick_direction": 3, "price": 0.0005, "mark_price": 0.00050304, "iv": 88.7, "instrument_name": "BTC-31MAR23-60000-C", "index_price": 18937.58, "direction": "buy", "amount": 1.9}, {"trade_seq": 462, "trade_id": "238981049", "timestamp": 1673603770760, "tick_direction": 3, "price": 0.0005, "mark_price": 0.00049377, "iv": 88.85, "instrument_name": "BTC-31MAR23-60000-C", "index_price": 18901.24, "direction": "buy", "amount": 0.1}, {"trade_seq": 461, "trade_id": "238978393", "timestamp": 1673600685151, "tick_direction": 3, "price": 0.0005, "mark_price": 0.0004856, "iv": 88.99, "instrument_name": "BTC-31MAR23-60000-C", "index_price": 18857.04, "direction": "buy", "amount": 3.0}, {"trade_seq": 460, "trade_id": "238692084", "timestamp": 1673272877687, "tick_direction": 3, "price": 0.0005, "mark_price": 0.00071689, "iv": 92.75, "instrument_name": "BTC-31MAR23-60000-C", "index_price": 17226.25, "direction": "sell", "amount": 2.0}, {"trade_seq": 459, "trade_id": "238647830", "timestamp": 1673094592705, "tick_direction": 3, "price": 0.0005, "mark_price": 0.00090057, "iv": 92.77, "instrument_name": "BTC-31MAR23-60000-C", "index_price": 16914.16, "direction": "sell", "amount": 10.0}, {"trade_seq": 458, "trade_id": "238568247", "timestamp": 1672857542891, "tick_direction": 3, "price": 0.0005, "mark_price": 0.00074158, "iv": 91.19, "instrument_name": "BTC-31MAR23-60000-C", "index_price": 16945.12, "direction": "sell", "amount": 0.1}, {"trade_seq": 457, "trade_id": "238455407", "timestamp": 1672495634097, "tick_direction": 2, "price": 0.0005, "mark_price": 0.00073015, "iv": 90.56, "instrument_name": "BTC-31MAR23-60000-C", "index_price": 16586.18, "direction": "sell", "amount": 1.0}, {"trade_seq": 456, "trade_id": "238448095", "timestamp": 1672453387408, "tick_direction": 3, "price": 0.001, "mark_price": 0.00143686, "iv": 96.75, "instrument_name": "BTC-31MAR23-60000-C", "index_price": 16559.16, "direction": "sell", "amount": 4.2}, {"trade_seq": 455, "trade_id": "238429801", "timestamp": 1672411759297, "tick_direction": 3, "price": 0.001, "mark_price": 0.00135396, "iv": 97.36, "instrument_name": "BTC-31MAR23-60000-C", "index_price": 16355.3, "direction": "sell", "amount": 0.1}, {"trade_seq": 454, "trade_id": "238429800", "timestamp": 1672411759297, "tick_direction": 3, "price": 0.001, "mark_price": 0.00135396, "iv": 97.36, "instrument_name": "BTC-31MAR23-60000-C", "index_price": 16355.3, "direction": "sell", "amount": 19.9}, {"trade_seq": 453, "trade_id": "238413411", "timestamp": 1672387273446, "tick_direction": 2, "price": 0.001, "mark_price": 0.00129964, "iv": 96.86, "instrument_name": "BTC-31MAR23-60000-C", "index_price": 16469.52, "direction": "sell", "amount": 0.1}, {"trade_seq": 452, "trade_id": "238285347", "timestamp": 1672085572258, "tick_direction": 3, "price": 0.002, "mark_price": 0.00145692, "iv": 101.12, "instrument_name": "BTC-31MAR23-60000-C", "index_price": 16843.17, "direction": "buy", "amount": 0.9}, {"trade_seq": 451, "trade_id": "238285346", "timestamp": 1672085572258, "tick_direction": 2, "price": 0.002, "mark_price": 0.00145692, "iv": 101.12, "instrument_name": "BTC-31MAR23-60000-C", "index_price": 16843.17, "direction": "buy", "amount": 0.1}, {"trade_seq": 450, "trade_id": "237496358", "timestamp": 1670572438474, "tick_direction": 1, "price": 0.003, "mark_price": 0.00296509, "iv": 95.94, "instrument_name": "BTC-31MAR23-60000-C", "index_price": 17217.97, "direction": "buy", "amount": 20.0}, {"trade_seq": 449, "trade_id": "237418556", "timestamp": 1670434167965, "tick_direction": 0, "price": 0.003, "mark_price": 0.00263625, "iv": 96.63, "instrument_name": "BTC-31MAR23-60000-C", "index_price": 16813.88, "direction": "buy", "amount": 5.0}, {"trade_seq": 448, "trade_id": "237417018", "timestamp": 1670430284198, "tick_direction": 1, "price": 0.0025, "mark_price": 0.00221486, "iv": 94.49, "instrument_name": "BTC-31MAR23-60000-C", "index_price": 16808.09, "direction": "buy", "amount": 5.0}, {"trade_seq": 447, "trade_id": "237417017", "timestamp": 1670430284198, "tick_direction": 0, "price": 0.0025, "mark_price": 0.00221486, "iv": 94.49, "instrument_name": "BTC-31MAR23-60000-C", "index_price": 16808.09, "direction": "buy", "amount": 5.3}, {"trade_seq": 446, "trade_id": "237416297", "timestamp": 1670429023215, "tick_direction": 3, "price": 0.002, "mark_price": 0.00202017, "iv": 91.88, "instrument_name": "BTC-31MAR23-60000-C", "index_price": 16845.94, "direction": "sell", "amount": 9.0}, {"trade_seq": 445, "trade_id": "237208190", "timestamp": 1670068980734, "tick_direction": 3, "price": 0.002, "mark_price": 0.0024615, "iv": 89.86, "instrument_name": "BTC-31MAR23-60000-C", "index_price": 16947.85, "direction": "sell", "amount": 4.0}, {"trade_seq": 444, "trade_id": "237064354", "timestamp": 1669884346224, "tick_direction": 2, "price": 0.002, "mark_price": 0.00247509, "iv": 88.5, "instrument_name": "BTC-31MAR23-60000-C", "index_price": 17098.81, "direction": "sell", "amount": 2.0}, {"trade_seq": 443, "trade_id": "236836937", "timestamp": 1669633679917, "tick_direction": 1, "price": 0.003, "mark_price": 0.00246932, "iv": 95.23, "instrument_name": "BTC-31MAR23-60000-C", "index_price": 16207.3, "direction": "buy", "amount": 3.0}, {"trade_seq": 442, "trade_id": "236836934", "timestamp": 1669633675258, "tick_direction": 1, "price": 0.003, "mark_price": 0.00246934, "iv": 95.23, "instrument_name": "BTC-31MAR23-60000-C", "index_price": 16207.34, "direction": "sell", "amount": 33.8}, {"trade_seq": 441, "trade_id": "236836933", "timestamp": 1669633675255, "tick_direction": 1, "price": 0.003, "mark_price": 0.00246934, "iv": 95.23, "instrument_name": "BTC-31MAR23-60000-C", "index_price": 16207.34, "direction": "buy", "amount": 3.2}, {"trade_seq": 440, "trade_id": "236836932", "timestamp": 1669633675255, "tick_direction": 0, "price": 0.003, "mark_price": 0.00246934, "iv": 95.23, "instrument_name": "BTC-31MAR23-60000-C", "index_price": 16207.34, "direction": "buy", "amount": 3.0}, {"trade_seq": 439, "trade_id": "236681287", "timestamp": 1669293121554, "tick_direction": 2, "price": 0.0025, "mark_price": 0.00218259, "iv": 90.64, "instrument_name": "BTC-31MAR23-60000-C", "index_price": 16534.56, "direction": "buy", "amount": 0.1}, {"trade_seq": 438, "trade_id": "236517226", "timestamp": 1669075926115, "tick_direction": 2, "price": 0.003, "mark_price": 0.00351104, "iv": 94.45, "instrument_name": "BTC-31MAR23-60000-C", "index_price": 15832.59, "direction": "sell", "amount": 4.7}, {"trade_seq": 437, "trade_id": "236504205", "timestamp": 1669066843145, "tick_direction": 1, "price": 0.0035, "mark_price": 0.00358184, "iv": 96.41, "instrument_name": "BTC-31MAR23-60000-C", "index_price": 15782.56, "direction": "sell", "amount": 0.8}, {"trade_seq": 436, "trade_id": "236498793", "timestamp": 1669061827381, "tick_direction": 1, "price": 0.0035, "mark_price": 0.00266497, "iv": 96.37, "instrument_name": "BTC-31MAR23-60000-C", "index_price": 15797.81, "direction": "sell", "amount": 4.2}, {"trade_seq": 435, "trade_id": "236498792", "timestamp": 1669061827110, "tick_direction": 1, "price": 0.0035, "mark_price": 0.00266497, "iv": 96.37, "instrument_name": "BTC-31MAR23-60000-C", "index_price": 15798.35, "direction": "buy", "amount": 5.0}, {"trade_seq": 434, "trade_id": "236498791", "timestamp": 1669061824046, "tick_direction": 0, "price": 0.0035, "mark_price": 0.00266147, "iv": 96.38, "instrument_name": "BTC-31MAR23-60000-C", "index_price": 15794.77, "direction": "buy", "amount": 10.0}, {"trade_seq": 433, "trade_id": "236299421", "timestamp": 1668758878387, "tick_direction": 2, "price": 0.002, "mark_price": 0.00217857, "iv": 85.85, "instrument_name": "BTC-31MAR23-60000-C", "index_price": 16680.13, "direction": "buy", "amount": 1.0}, {"trade_seq": 432, "trade_id": "236280319", "timestamp": 1668735413893, "tick_direction": 3, "price": 0.0025, "mark_price": 0.00217202, "iv": 87.56, "instrument_name": "BTC-31MAR23-60000-C", "index_price": 16859.99, "direction": "buy", "amount": 3.9}, {"trade_seq": 431, "trade_id": "236278956", "timestamp": 1668733900702, "tick_direction": 3, "price": 0.0025, "mark_price": 0.002961, "iv": 87.4, "instrument_name": "BTC-31MAR23-60000-C", "index_price": 16909.44, "direction": "sell", "amount": 4.1}, {"trade_seq": 430, "trade_id": "236278955", "timestamp": 1668733898740, "tick_direction": 2, "price": 0.0025, "mark_price": 0.00296159, "iv": 87.4, "instrument_name": "BTC-31MAR23-60000-C", "index_price": 16909.02, "direction": "sell", "amount": 4.2}, {"trade_seq": 429, "trade_id": "236238443", "timestamp": 1668698413867, "tick_direction": 0, "price": 0.003, "mark_price": 0.00251641, "iv": 90.15, "instrument_name": "BTC-31MAR23-60000-C", "index_price": 16591.37, "direction": "buy", "amount": 4.4}, {"trade_seq": 428, "trade_id": "236222556", "timestamp": 1668682871319, "tick_direction": 1, "price": 0.0025, "mark_price": 0.00246672, "iv": 88.41, "instrument_name": "BTC-31MAR23-60000-C", "index_price": 16523.04, "direction": "buy", "amount": 1.0}, {"trade_seq": 427, "trade_id": "236193659", "timestamp": 1668637554050, "tick_direction": 1, "price": 0.0025, "mark_price": 0.00295006, "iv": 88.41, "instrument_name": "BTC-31MAR23-60000-C", "index_price": 16503.01, "direction": "sell", "amount": 4.6}, {"trade_seq": 426, "trade_id": "235759408", "timestamp": 1668395932300, "tick_direction": 0, "price": 0.0025, "mark_price": 0.00217516, "iv": 88.78, "instrument_name": "BTC-31MAR23-60000-C", "index_price": 16132.68, "direction": "buy", "amount": 7.0}, {"trade_seq": 425, "trade_id": "235720993", "timestamp": 1668370213648, "tick_direction": 2, "price": 0.0015, "mark_price": 0.00216161, "iv": 82.22, "instrument_name": "BTC-31MAR23-60000-C", "index_price": 16536.05, "direction": "sell", "amount": 0.2}, {"trade_seq": 424, "trade_id": "234211897", "timestamp": 1667936277677, "tick_direction": 2, "price": 0.0035, "mark_price": 0.00469468, "iv": 83.98, "instrument_name": "BTC-31MAR23-60000-C", "index_price": 18022.03, "direction": "sell", "amount": 8.0}, {"trade_seq": 423, "trade_id": "234148271", "timestamp": 1667932675587, "tick_direction": 1, "price": 0.004, "mark_price": 0.00382858, "iv": 82.55, "instrument_name": "BTC-31MAR23-60000-C", "index_price": 18899.97, "direction": "sell", "amount": 2.7}, {"trade_seq": 422, "trade_id": "234148270", "timestamp": 1667932675579, "tick_direction": 1, "price": 0.004, "mark_price": 0.00382858, "iv": 82.55, "instrument_name": "BTC-31MAR23-60000-C", "index_price": 18899.97, "direction": "buy", "amount": 1.7}, {"trade_seq": 421, "trade_id": "234148269", "timestamp": 1667932675579, "tick_direction": 0, "price": 0.004, "mark_price": 0.00382858, "iv": 82.55, "instrument_name": "BTC-31MAR23-60000-C", "index_price": 18899.97, "direction": "buy", "amount": 1.0}, {"trade_seq": 420, "trade_id": "234023898", "timestamp": 1667919869294, "tick_direction": 3, "price": 0.0035, "mark_price": 0.00368046, "iv": 79.62, "instrument_name": "BTC-31MAR23-60000-C", "index_price": 19372.32, "direction": "sell", "amount": 5.0}, {"trade_seq": 419, "trade_id": "234023048", "timestamp": 1667919648454, "tick_direction": 3, "price": 0.0035, "mark_price": 0.00371999, "iv": 79.5, "instrument_name": "BTC-31MAR23-60000-C", "index_price": 19420.43, "direction": "sell", "amount": 2.0}, {"trade_seq": 418, "trade_id": "233989499", "timestamp": 1667902732022, "tick_direction": 2, "price": 0.0035, "mark_price": 0.00374616, "iv": 78.41, "instrument_name": "BTC-31MAR23-60000-C", "index_price": 19768.37, "direction": "sell", "amount": 10.0}, {"trade_seq": 417, "trade_id": "233773020", "timestamp": 1667709413751, "tick_direction": 0, "price": 0.004, "mark_price": 0.00375363, "iv": 75.02, "instrument_name": "BTC-31MAR23-60000-C", "index_price": 21245.48, "direction": "buy", "amount": 1.0}, {"trade_seq": 416, "trade_id": "233588430", "timestamp": 1667569807084, "tick_direction": 3, "price": 0.003, "mark_price": 0.00287765, "iv": 73.32, "instrument_name": "BTC-31MAR23-60000-C", "index_price": 20703.38, "direction": "buy", "amount": 0.3}, {"trade_seq": 415, "trade_id": "233459076", "timestamp": 1667444546471, "tick_direction": 3, "price": 0.003, "mark_price": 0.00320824, "iv": 74.08, "instrument_name": "BTC-31MAR23-60000-C", "index_price": 20293.21, "direction": "buy", "amount": 0.3}, {"trade_seq": 414, "trade_id": "233452633", "timestamp": 1667436490920, "tick_direction": 2, "price": 0.003, "mark_price": 0.00323763, "iv": 74.28, "instrument_name": "BTC-31MAR23-60000-C", "index_price": 20214.69, "direction": "sell", "amount": 4.4}, {"trade_seq": 413, "trade_id": "233371476", "timestamp": 1667380620615, "tick_direction": 3, "price": 0.0035, "mark_price": 0.00347494, "iv": 74.9, "instrument_name": "BTC-31MAR23-60000-C", "index_price": 20488.22, "direction": "buy", "amount": 1.0}, {"trade_seq": 412, "trade_id": "233313303", "timestamp": 1667271251700, "tick_direction": 3, "price": 0.0035, "mark_price": 0.00349762, "iv": 74.34, "instrument_name": "BTC-31MAR23-60000-C", "index_price": 20571.85, "direction": "buy", "amount": 0.2}, {"trade_seq": 411, "trade_id": "233312637", "timestamp": 1667270437771, "tick_direction": 3, "price": 0.0035, "mark_price": 0.00348343, "iv": 74.46, "instrument_name": "BTC-31MAR23-60000-C", "index_price": 20531.2, "direction": "buy", "amount": 1.0}, {"trade_seq": 410, "trade_id": "233113405", "timestamp": 1666977230568, "tick_direction": 2, "price": 0.0035, "mark_price": 0.00324138, "iv": 73.15, "instrument_name": "BTC-31MAR23-60000-C", "index_price": 20714.68, "direction": "buy", "amount": 10.0}, {"trade_seq": 409, "trade_id": "233035065", "timestamp": 1666928768623, "tick_direction": 3, "price": 0.004, "mark_price": 0.00400596, "iv": 75.58, "instrument_name": "BTC-31MAR23-60000-C", "index_price": 20270.14, "direction": "sell", "amount": 0.2}, {"trade_seq": 408, "trade_id": "233028973", "timestamp": 1666919314630, "tick_direction": 2, "price": 0.004, "mark_price": 0.00420998, "iv": 75.64, "instrument_name": "BTC-31MAR23-60000-C", "index_price": 20241.05, "direction": "sell", "amount": 4.4}, {"trade_seq": 407, "trade_id": "232870619", "timestamp": 1666794573958, "tick_direction": 0, "price": 0.005, "mark_price": 0.00459587, "iv": 76.08, "instrument_name": "BTC-31MAR23-60000-C", "index_price": 20821.61, "direction": "buy", "amount": 8.7}, {"trade_seq": 406, "trade_id": "232727350", "timestamp": 1666725970455, "tick_direction": 1, "price": 0.0035, "mark_price": 0.00298564, "iv": 73.46, "instrument_name": "BTC-31MAR23-60000-C", "index_price": 20352.51, "direction": "sell", "amount": 2.6}, {"trade_seq": 405, "trade_id": "232727349", "timestamp": 1666725970326, "tick_direction": 1, "price": 0.0035, "mark_price": 0.00298564, "iv": 73.46, "instrument_name": "BTC-31MAR23-60000-C", "index_price": 20352.51, "direction": "buy", "amount": 2.7}, {"trade_seq": 404, "trade_id": "232727348", "timestamp": 1666725970326, "tick_direction": 0, "price": 0.0035, "mark_price": 0.00298564, "iv": 73.46, "instrument_name": "BTC-31MAR23-60000-C", "index_price": 20352.51, "direction": "buy", "amount": 1.0}, {"trade_seq": 403, "trade_id": "232546195", "timestamp": 1666539048737, "tick_direction": 2, "price": 0.0025, "mark_price": 0.00280024, "iv": 72.93, "instrument_name": "BTC-31MAR23-60000-C", "index_price": 19188.19, "direction": "sell", "amount": 80.0}, {"trade_seq": 402, "trade_id": "232500493", "timestamp": 1666376387860, "tick_direction": 0, "price": 0.0035, "mark_price": 0.00295432, "iv": 75.81, "instrument_name": "BTC-31MAR23-60000-C", "index_price": 19149.42, "direction": "buy", "amount": 0.2}, {"trade_seq": 401, "trade_id": "232485435", "timestamp": 1666364811524, "tick_direction": 3, "price": 0.003, "mark_price": 0.00322412, "iv": 74.81, "instrument_name": "BTC-31MAR23-60000-C", "index_price": 18960.76, "direction": "sell", "amount": 8.5}, {"trade_seq": 400, "trade_id": "232485431", "timestamp": 1666364810301, "tick_direction": 3, "price": 0.003, "mark_price": 0.00322448, "iv": 74.8, "instrument_name": "BTC-31MAR23-60000-C", "index_price": 18961.29, "direction": "sell", "amount": 3.0}, {"trade_seq": 399, "trade_id": "232451020", "timestamp": 1666344194663, "tick_direction": 3, "price": 0.003, "mark_price": 0.00323208, "iv": 74.85, "instrument_name": "BTC-31MAR23-60000-C", "index_price": 18947.09, "direction": "sell", "amount": 2.0}, {"trade_seq": 398, "trade_id": "232342938", "timestamp": 1666220246305, "tick_direction": 3, "price": 0.003, "mark_price": 0.0032441, "iv": 73.94, "instrument_name": "BTC-31MAR23-60000-C", "index_price": 19136.39, "direction": "sell", "amount": 3.0}, {"trade_seq": 397, "trade_id": "232342813", "timestamp": 1666219937759, "tick_direction": 2, "price": 0.003, "mark_price": 0.00324094, "iv": 73.95, "instrument_name": "BTC-31MAR23-60000-C", "index_price": 19134.54, "direction": "sell", "amount": 2.0}, {"trade_seq": 396, "trade_id": "232253691", "timestamp": 1666106863415, "tick_direction": 0, "price": 0.004, "mark_price": 0.00346174, "iv": 75.93, "instrument_name": "BTC-31MAR23-60000-C", "index_price": 19340.4, "direction": "buy", "amount": 0.3}, {"trade_seq": 395, "trade_id": "232242854", "timestamp": 1666101631600, "tick_direction": 1, "price": 0.0035, "mark_price": 0.00301375, "iv": 73.97, "instrument_name": "BTC-31MAR23-60000-C", "index_price": 19549.32, "direction": "buy", "amount": 0.1}, {"trade_seq": 394, "trade_id": "232242853", "timestamp": 1666101631600, "tick_direction": 0, "price": 0.0035, "mark_price": 0.00301375, "iv": 73.97, "instrument_name": "BTC-31MAR23-60000-C", "index_price": 19549.32, "direction": "buy", "amount": 1.4}, {"trade_seq": 393, "trade_id": "232100310", "timestamp": 1665859697991, "tick_direction": 3, "price": 0.003, "mark_price": 0.00406021, "iv": 73.03, "instrument_name": "BTC-31MAR23-60000-C", "index_price": 19135.98, "direction": "sell", "amount": 2.4}, {"trade_seq": 392, "trade_id": "232100309", "timestamp": 1665859697991, "tick_direction": 2, "price": 0.003, "mark_price": 0.00406021, "iv": 73.03, "instrument_name": "BTC-31MAR23-60000-C", "index_price": 19135.98, "direction": "sell", "amount": 1.0}, {"trade_seq": 391, "trade_id": "232100284", "timestamp": 1665859529286, "tick_direction": 3, "price": 0.0035, "mark_price": 0.00420547, "iv": 74.53, "instrument_name": "BTC-31MAR23-60000-C", "index_price": 19132.08, "direction": "sell", "amount": 2.7}, {"trade_seq": 390, "trade_id": "232100283", "timestamp": 1665859529286, "tick_direction": 3, "price": 0.0035, "mark_price": 0.00420547, "iv": 74.53, "instrument_name": "BTC-31MAR23-60000-C", "index_price": 19132.08, "direction": "sell", "amount": 13.0}, {"trade_seq": 389, "trade_id": "232100282", "timestamp": 1665859529286, "tick_direction": 2, "price": 0.0035, "mark_price": 0.00420547, "iv": 74.53, "instrument_name": "BTC-31MAR23-60000-C", "index_price": 19132.08, "direction": "sell", "amount": 0.5}, {"trade_seq": 388, "trade_id": "232096522", "timestamp": 1665844666338, "tick_direction": 2, "price": 0.004, "mark_price": 0.00415221, "iv": 75.77, "instrument_name": "BTC-31MAR23-60000-C", "index_price": 19143.65, "direction": "buy", "amount": 0.2}, {"trade_seq": 387, "trade_id": "231830684", "timestamp": 1665657456551, "tick_direction": 2, "price": 0.0045, "mark_price": 0.0045975, "iv": 77.97, "instrument_name": "BTC-31MAR23-60000-C", "index_price": 18644.15, "direction": "buy", "amount": 6.8}, {"trade_seq": 386, "trade_id": "231270946", "timestamp": 1665047109023, "tick_direction": 1, "price": 0.008, "mark_price": 0.00749826, "iv": 78.78, "instrument_name": "BTC-31MAR23-60000-C", "index_price": 20140.69, "direction": "buy", "amount": 5.0}, {"trade_seq": 385, "trade_id": "231270943", "timestamp": 1665047106231, "tick_direction": 1, "price": 0.008, "mark_price": 0.00749947, "iv": 78.78, "instrument_name": "BTC-31MAR23-60000-C", "index_price": 20141.5, "direction": "buy", "amount": 4.0}, {"trade_seq": 384, "trade_id": "231270942", "timestamp": 1665047106231, "tick_direction": 0, "price": 0.008, "mark_price": 0.00749947, "iv": 78.78, "instrument_name": "BTC-31MAR23-60000-C", "index_price": 20141.5, "direction": "buy", "amount": 1.0}, {"trade_seq": 383, "trade_id": "231134818", "timestamp": 1664916582072, "tick_direction": 0, "price": 0.007, "mark_price": 0.00706622, "iv": 76.2, "instrument_name": "BTC-31MAR23-60000-C", "index_price": 20382.07, "direction": "buy", "amount": 1.0}, {"trade_seq": 382, "trade_id": "231065551", "timestamp": 1664867736648, "tick_direction": 2, "price": 0.0065, "mark_price": 0.00703704, "iv": 76.52, "instrument_name": "BTC-31MAR23-60000-C", "index_price": 19885.31, "direction": "sell", "amount": 1.0}, {"trade_seq": 381, "trade_id": "231018749", "timestamp": 1664816794544, "tick_direction": 1, "price": 0.0075, "mark_price": 0.00705301, "iv": 79.26, "instrument_name": "BTC-31MAR23-60000-C", "index_price": 19465.06, "direction": "sell", "amount": 7.8}, {"trade_seq": 380, "trade_id": "231018748", "timestamp": 1664816794541, "tick_direction": 0, "price": 0.0075, "mark_price": 0.00705301, "iv": 79.26, "instrument_name": "BTC-31MAR23-60000-C", "index_price": 19465.06, "direction": "buy", "amount": 2.2}, {"trade_seq": 379, "trade_id": "230961854", "timestamp": 1664767273896, "tick_direction": 2, "price": 0.006, "mark_price": 0.00631437, "iv": 77.29, "instrument_name": "BTC-31MAR23-60000-C", "index_price": 19175.64, "direction": "buy", "amount": 1.0}, {"trade_seq": 378, "trade_id": "230868239", "timestamp": 1664620356490, "tick_direction": 0, "price": 0.007, "mark_price": 0.0062758, "iv": 78.34, "instrument_name": "BTC-31MAR23-60000-C", "index_price": 19335.17, "direction": "buy", "amount": 1.0}, {"trade_seq": 377, "trade_id": "230743771", "timestamp": 1664533898863, "tick_direction": 2, "price": 0.006, "mark_price": 0.00666209, "iv": 75.91, "instrument_name": "BTC-31MAR23-60000-C", "index_price": 19513.91, "direction": "sell", "amount": 0.2}, {"trade_seq": 376, "trade_id": "230489836", "timestamp": 1664360161472, "tick_direction": 0, "price": 0.007, "mark_price": 0.00696207, "iv": 79.25, "instrument_name": "BTC-31MAR23-60000-C", "index_price": 18790.53, "direction": "buy", "amount": 0.1}, {"trade_seq": 375, "trade_id": "230208323", "timestamp": 1664179059217, "tick_direction": 2, "price": 0.006, "mark_price": 0.00572586, "iv": 76.71, "instrument_name": "BTC-31MAR23-60000-C", "index_price": 18912.14, "direction": "sell", "amount": 15.0}, {"trade_seq": 374, "trade_id": "229287701", "timestamp": 1663312887001, "tick_direction": 2, "price": 0.01, "mark_price": 0.01034039, "iv": 78.5, "instrument_name": "BTC-31MAR23-60000-C", "index_price": 19755.25, "direction": "sell", "amount": 1.0}, {"trade_seq": 373, "trade_id": "229222334", "timestamp": 1663230461713, "tick_direction": 3, "price": 0.011, "mark_price": 0.01095072, "iv": 78.82, "instrument_name": "BTC-31MAR23-60000-C", "index_price": 20046.71, "direction": "sell", "amount": 4.6}, {"trade_seq": 372, "trade_id": "229221427", "timestamp": 1663229887108, "tick_direction": 2, "price": 0.011, "mark_price": 0.01073657, "iv": 78.59, "instrument_name": "BTC-31MAR23-60000-C", "index_price": 20136.92, "direction": "sell", "amount": 5.4}, {"trade_seq": 371, "trade_id": "228888666", "timestamp": 1662983749411, "tick_direction": 0, "price": 0.015, "mark_price": 0.01529572, "iv": 76.62, "instrument_name": "BTC-31MAR23-60000-C", "index_price": 22313.31, "direction": "sell", "amount": 1.5}, {"trade_seq": 370, "trade_id": "228691295", "timestamp": 1662731437095, "tick_direction": 1, "price": 0.014, "mark_price": 0.01261474, "iv": 78.45, "instrument_name": "BTC-31MAR23-60000-C", "index_price": 20978.44, "direction": "buy", "block_trade_id": "48872", "amount": 10.0}, {"trade_seq": 369, "trade_id": "228691159", "timestamp": 1662731385089, "tick_direction": 0, "price": 0.014, "mark_price": 0.0126067, "iv": 78.42, "instrument_name": "BTC-31MAR23-60000-C", "index_price": 20991.93, "direction": "buy", "block_trade_id": "48871", "amount": 10.0}, {"trade_seq": 368, "trade_id": "228690927", "timestamp": 1662731283915, "tick_direction": 1, "price": 0.0135, "mark_price": 0.01260309, "iv": 77.82, "instrument_name": "BTC-31MAR23-60000-C", "index_price": 21022.73, "direction": "buy", "block_trade_id": "48870", "amount": 10.0}, {"trade_seq": 367, "trade_id": "228690831", "timestamp": 1662731222519, "tick_direction": 0, "price": 0.0135, "mark_price": 0.01246185, "iv": 77.94, "instrument_name": "BTC-31MAR23-60000-C", "index_price": 21000.74, "direction": "buy", "block_trade_id": "48869", "amount": 10.0}, {"trade_seq": 366, "trade_id": "228690773", "timestamp": 1662731170065, "tick_direction": 0, "price": 0.0133, "mark_price": 0.01244563, "iv": 77.74, "instrument_name": "BTC-31MAR23-60000-C", "index_price": 20994.24, "direction": "buy", "block_trade_id": "48868", "amount": 10.0}, {"trade_seq": 365, "trade_id": "228505987", "timestamp": 1662583329844, "tick_direction": 0, "price": 0.011, "mark_price": 0.01022398, "iv": 79.46, "instrument_name": "BTC-31MAR23-60000-C", "index_price": 19253.17, "direction": "buy", "amount": 0.1}, {"trade_seq": 364, "trade_id": "228459812", "timestamp": 1662526033814, "tick_direction": 0, "price": 0.01, "mark_price": 0.0099948, "iv": 79.6, "instrument_name": "BTC-31MAR23-60000-C", "index_price": 18734.99, "direction": "sell", "amount": 0.1}, {"trade_seq": 363, "trade_id": "228459795", "timestamp": 1662525948757, "tick_direction": 3, "price": 0.009, "mark_price": 0.01000738, "iv": 78.24, "instrument_name": "BTC-31MAR23-60000-C", "index_price": 18736.6, "direction": "sell", "amount": 0.1}, {"trade_seq": 362, "trade_id": "228459794", "timestamp": 1662525944754, "tick_direction": 2, "price": 0.009, "mark_price": 0.01000738, "iv": 78.24, "instrument_name": "BTC-31MAR23-60000-C", "index_price": 18736.6, "direction": "sell", "amount": 0.1}, {"trade_seq": 361, "trade_id": "228189577", "timestamp": 1662195405620, "tick_direction": 3, "price": 0.011, "mark_price": 0.01119029, "iv": 77.22, "instrument_name": "BTC-31MAR23-60000-C", "index_price": 19771.99, "direction": "sell", "amount": 0.1}, {"trade_seq": 360, "trade_id": "228189576", "timestamp": 1662195405620, "tick_direction": 3, "price": 0.011, "mark_price": 0.01119029, "iv": 77.22, "instrument_name": "BTC-31MAR23-60000-C", "index_price": 19771.99, "direction": "sell", "amount": 1.2}, {"trade_seq": 359, "trade_id": "228189575", "timestamp": 1662195405502, "tick_direction": 2, "price": 0.011, "mark_price": 0.01119029, "iv": 77.22, "instrument_name": "BTC-31MAR23-60000-C", "index_price": 19771.99, "direction": "sell", "amount": 1.8}, {"trade_seq": 358, "trade_id": "228020836", "timestamp": 1662023174896, "tick_direction": 1, "price": 0.012, "mark_price": 0.01216489, "iv": 77.61, "instrument_name": "BTC-31MAR23-60000-C", "index_price": 19948.79, "direction": "sell", "amount": 0.5}, {"trade_seq": 357, "trade_id": "228020820", "timestamp": 1662023165106, "tick_direction": 0, "price": 0.012, "mark_price": 0.0122014, "iv": 77.58, "instrument_name": "BTC-31MAR23-60000-C", "index_price": 19963.81, "direction": "sell", "amount": 9.5}, {"trade_seq": 356, "trade_id": "228018340", "timestamp": 1662020004089, "tick_direction": 3, "price": 0.0115, "mark_price": 0.01225278, "iv": 77.14, "instrument_name": "BTC-31MAR23-60000-C", "index_price": 19912.04, "direction": "buy", "amount": 10.0}, {"trade_seq": 355, "trade_id": "228018338", "timestamp": 1662019998979, "tick_direction": 2, "price": 0.0115, "mark_price": 0.01225595, "iv": 77.13, "instrument_name": "BTC-31MAR23-60000-C", "index_price": 19912.98, "direction": "buy", "amount": 10.0}, {"trade_seq": 354, "trade_id": "227915707", "timestamp": 1661906603333, "tick_direction": 0, "price": 0.0145, "mark_price": 0.01330471, "iv": 79.97, "instrument_name": "BTC-31MAR23-60000-C", "index_price": 19969.06, "direction": "buy", "amount": 0.5}, {"trade_seq": 353, "trade_id": "227849658", "timestamp": 1661854796271, "tick_direction": 1, "price": 0.014, "mark_price": 0.01301177, "iv": 78.02, "instrument_name": "BTC-31MAR23-60000-C", "index_price": 20450.11, "direction": "buy", "amount": 1.0}, {"trade_seq": 352, "trade_id": "227781032", "timestamp": 1661774547545, "tick_direction": 1, "price": 0.014, "mark_price": 0.01297832, "iv": 79.62, "instrument_name": "BTC-31MAR23-60000-C", "index_price": 19815.28, "direction": "buy", "amount": 4.0}, {"trade_seq": 351, "trade_id": "227781031", "timestamp": 1661774547545, "tick_direction": 0, "price": 0.014, "mark_price": 0.01297832, "iv": 79.62, "instrument_name": "BTC-31MAR23-60000-C", "index_price": 19815.28, "direction": "buy", "amount": 1.0}, {"trade_seq": 350, "trade_id": "227774147", "timestamp": 1661761530121, "tick_direction": 2, "price": 0.0135, "mark_price": 0.01394592, "iv": 78.95, "instrument_name": "BTC-31MAR23-60000-C", "index_price": 19847.15, "direction": "sell", "amount": 3.0}, {"trade_seq": 349, "trade_id": "227735940", "timestamp": 1661707930217, "tick_direction": 2, "price": 0.014, "mark_price": 0.01438508, "iv": 78.84, "instrument_name": "BTC-31MAR23-60000-C", "index_price": 20046.28, "direction": "sell", "amount": 0.9}, {"trade_seq": 348, "trade_id": "227509113", "timestamp": 1661508061259, "tick_direction": 3, "price": 0.017, "mark_price": 0.01757078, "iv": 77.54, "instrument_name": "BTC-31MAR23-60000-C", "index_price": 21444.4, "direction": "buy", "amount": 3.3}, {"trade_seq": 347, "trade_id": "227509112", "timestamp": 1661508061256, "tick_direction": 2, "price": 0.017, "mark_price": 0.01757078, "iv": 77.54, "instrument_name": "BTC-31MAR23-60000-C", "index_price": 21444.4, "direction": "sell", "amount": 2.7}, {"trade_seq": 346, "trade_id": "227447271", "timestamp": 1661436616815, "tick_direction": 2, "price": 0.018, "mark_price": 0.01810843, "iv": 77.66, "instrument_name": "BTC-31MAR23-60000-C", "index_price": 21685.22, "direction": "sell", "amount": 1.0}, {"trade_seq": 345, "trade_id": "227422803", "timestamp": 1661399015641, "tick_direction": 2, "price": 0.019, "mark_price": 0.0186131, "iv": 78.92, "instrument_name": "BTC-31MAR23-60000-C", "index_price": 21481.28, "direction": "sell", "amount": 2.0}, {"trade_seq": 344, "trade_id": "227236667", "timestamp": 1661163590032, "tick_direction": 0, "price": 0.0205, "mark_price": 0.0198501, "iv": 80.35, "instrument_name": "BTC-31MAR23-60000-C", "index_price": 21196.07, "direction": "sell", "amount": 2.5}, {"trade_seq": 343, "trade_id": "227224037", "timestamp": 1661155223866, "tick_direction": 2, "price": 0.02, "mark_price": 0.02000725, "iv": 80.02, "instrument_name": "BTC-31MAR23-60000-C", "index_price": 21106.19, "direction": "sell", "amount": 2.0}, {"trade_seq": 342, "trade_id": "227216164", "timestamp": 1661142066782, "tick_direction": 0, "price": 0.0205, "mark_price": 0.01899582, "iv": 79.66, "instrument_name": "BTC-31MAR23-60000-C", "index_price": 21405.18, "direction": "sell", "amount": 1.0}, {"trade_seq": 341, "trade_id": "227194892", "timestamp": 1661111567305, "tick_direction": 0, "price": 0.02, "mark_price": 0.01982858, "iv": 78.94, "instrument_name": "BTC-31MAR23-60000-C", "index_price": 21525.18, "direction": "sell", "amount": 2.0}, {"trade_seq": 340, "trade_id": "227064379", "timestamp": 1660936534385, "tick_direction": 2, "price": 0.0195, "mark_price": 0.01917798, "iv": 78.67, "instrument_name": "BTC-31MAR23-60000-C", "index_price": 21336.2, "direction": "buy", "amount": 1.5}, {"trade_seq": 339, "trade_id": "226978042", "timestamp": 1660897856908, "tick_direction": 2, "price": 0.021, "mark_price": 0.02142933, "iv": 78.78, "instrument_name": "BTC-31MAR23-60000-C", "index_price": 21746.36, "direction": "sell", "amount": 2.0}, {"trade_seq": 338, "trade_id": "226924708", "timestamp": 1660890695427, "tick_direction": 2, "price": 0.022, "mark_price": 0.02190349, "iv": 77.18, "instrument_name": "BTC-31MAR23-60000-C", "index_price": 22653.46, "direction": "sell", "amount": 1.0}, {"trade_seq": 337, "trade_id": "226766236", "timestamp": 1660732740673, "tick_direction": 1, "price": 0.025, "mark_price": 0.02491654, "iv": 76.0, "instrument_name": "BTC-31MAR23-60000-C", "index_price": 23788.54, "direction": "buy", "amount": 1.9}, {"trade_seq": 336, "trade_id": "226766227", "timestamp": 1660732739086, "tick_direction": 0, "price": 0.025, "mark_price": 0.02491166, "iv": 76.01, "instrument_name": "BTC-31MAR23-60000-C", "index_price": 23786.68, "direction": "buy", "amount": 1.9}, {"trade_seq": 335, "trade_id": "226766220", "timestamp": 1660732735445, "tick_direction": 2, "price": 0.0235, "mark_price": 0.02491729, "iv": 74.98, "instrument_name": "BTC-31MAR23-60000-C", "index_price": 23783.6, "direction": "sell", "amount": 2.7}, {"trade_seq": 334, "trade_id": "226766219", "timestamp": 1660732735445, "tick_direction": 3, "price": 0.024, "mark_price": 0.02491729, "iv": 75.33, "instrument_name": "BTC-31MAR23-60000-C", "index_price": 23783.6, "direction": "sell", "amount": 2.0}, {"trade_seq": 333, "trade_id": "226766218", "timestamp": 1660732735445, "tick_direction": 2, "price": 0.024, "mark_price": 0.02491729, "iv": 75.33, "instrument_name": "BTC-31MAR23-60000-C", "index_price": 23783.6, "direction": "sell", "amount": 2.7}, {"trade_seq": 332, "trade_id": "226715421", "timestamp": 1660688089400, "tick_direction": 0, "price": 0.0255, "mark_price": 0.0231138, "iv": 75.98, "instrument_name": "BTC-31MAR23-60000-C", "index_price": 23910.3, "direction": "buy", "amount": 2.4}, {"trade_seq": 331, "trade_id": "226715420", "timestamp": 1660688089400, "tick_direction": 0, "price": 0.025, "mark_price": 0.0231138, "iv": 75.65, "instrument_name": "BTC-31MAR23-60000-C", "index_price": 23910.3, "direction": "buy", "amount": 2.5}, {"trade_seq": 330, "trade_id": "226685033", "timestamp": 1660660516808, "tick_direction": 1, "price": 0.023, "mark_price": 0.02289417, "iv": 74.65, "instrument_name": "BTC-31MAR23-60000-C", "index_price": 23699.59, "direction": "sell", "amount": 0.5}, {"trade_seq": 329, "trade_id": "226685028", "timestamp": 1660660515715, "tick_direction": 1, "price": 0.023, "mark_price": 0.0228934, "iv": 74.65, "instrument_name": "BTC-31MAR23-60000-C", "index_price": 23699.07, "direction": "sell", "amount": 0.5}, {"trade_seq": 328, "trade_id": "226685021", "timestamp": 1660660514453, "tick_direction": 1, "price": 0.023, "mark_price": 0.02289776, "iv": 74.65, "instrument_name": "BTC-31MAR23-60000-C", "index_price": 23700.05, "direction": "sell", "amount": 0.5}, {"trade_seq": 327, "trade_id": "226685002", "timestamp": 1660660512721, "tick_direction": 1, "price": 0.023, "mark_price": 0.02289381, "iv": 74.65, "instrument_name": "BTC-31MAR23-60000-C", "index_price": 23693.57, "direction": "sell", "amount": 0.5}, {"trade_seq": 326, "trade_id": "226684992", "timestamp": 1660660512073, "tick_direction": 1, "price": 0.023, "mark_price": 0.02289381, "iv": 74.65, "instrument_name": "BTC-31MAR23-60000-C", "index_price": 23693.57, "direction": "sell", "amount": 0.5}, {"trade_seq": 325, "trade_id": "226684954", "timestamp": 1660660509594, "tick_direction": 0, "price": 0.023, "mark_price": 0.02289405, "iv": 74.62, "instrument_name": "BTC-31MAR23-60000-C", "index_price": 23696.63, "direction": "sell", "amount": 0.5}, {"trade_seq": 324, "trade_id": "226610277", "timestamp": 1660568029300, "tick_direction": 2, "price": 0.022, "mark_price": 0.02364718, "iv": 73.16, "instrument_name": "BTC-31MAR23-60000-C", "index_price": 23942.98, "direction": "sell", "amount": 0.4}, {"trade_seq": 323, "trade_id": "226610087", "timestamp": 1660568000459, "tick_direction": 3, "price": 0.023, "mark_price": 0.02385262, "iv": 73.8, "instrument_name": "BTC-31MAR23-60000-C", "index_price": 23976.31, "direction": "sell", "amount": 0.5}, {"trade_seq": 322, "trade_id": "226609933", "timestamp": 1660567999090, "tick_direction": 3, "price": 0.023, "mark_price": 0.02385225, "iv": 73.73, "instrument_name": "BTC-31MAR23-60000-C", "index_price": 24004.73, "direction": "sell", "amount": 0.5}, {"trade_seq": 321, "trade_id": "226609698", "timestamp": 1660567984882, "tick_direction": 2, "price": 0.023, "mark_price": 0.0239256, "iv": 73.67, "instrument_name": "BTC-31MAR23-60000-C", "index_price": 24018.87, "direction": "sell", "amount": 0.5}, {"trade_seq": 320, "trade_id": "226551380", "timestamp": 1660518656680, "tick_direction": 2, "price": 0.0235, "mark_price": 0.02501582, "iv": 73.32, "instrument_name": "BTC-31MAR23-60000-C", "index_price": 24271.46, "direction": "sell", "amount": 0.1}, {"trade_seq": 319, "trade_id": "226285172", "timestamp": 1660200189308, "tick_direction": 2, "price": 0.0255, "mark_price": 0.02617042, "iv": 73.51, "instrument_name": "BTC-31MAR23-60000-C", "index_price": 24535.22, "direction": "buy", "amount": 2.5}, {"trade_seq": 318, "trade_id": "226253602", "timestamp": 1660167090789, "tick_direction": 1, "price": 0.026, "mark_price": 0.02598333, "iv": 74.68, "instrument_name": "BTC-31MAR23-60000-C", "index_price": 24161.84, "direction": "buy", "amount": 10.0}, {"trade_seq": 317, "trade_id": "226013023", "timestamp": 1659938714386, "tick_direction": 0, "price": 0.026, "mark_price": 0.02602548, "iv": 75.57, "instrument_name": "BTC-31MAR23-60000-C", "index_price": 23558.64, "direction": "buy", "amount": 0.5}, {"trade_seq": 316, "trade_id": "225469189", "timestamp": 1659342029401, "tick_direction": 0, "price": 0.0245, "mark_price": 0.02319588, "iv": 73.93, "instrument_name": "BTC-31MAR23-60000-C", "index_price": 23349.62, "direction": "buy", "amount": 0.9}, {"trade_seq": 315, "trade_id": "225468210", "timestamp": 1659341142597, "tick_direction": 2, "price": 0.0225, "mark_price": 0.02383554, "iv": 72.59, "instrument_name": "BTC-31MAR23-60000-C", "index_price": 23338.92, "direction": "buy", "amount": 9.4}, {"trade_seq": 314, "trade_id": "225134257", "timestamp": 1659102446906, "tick_direction": 2, "price": 0.0245, "mark_price": 0.02366737, "iv": 72.6, "instrument_name": "BTC-31MAR23-60000-C", "index_price": 23694.98, "direction": "buy", "amount": 1.5}, {"trade_seq": 313, "trade_id": "224951781", "timestamp": 1659025779131, "tick_direction": 0, "price": 0.0255, "mark_price": 0.02695009, "iv": 72.87, "instrument_name": "BTC-31MAR23-60000-C", "index_price": 23884.9, "direction": "sell", "amount": 1.6}, {"trade_seq": 312, "trade_id": "224851122", "timestamp": 1658986129505, "tick_direction": 0, "price": 0.024, "mark_price": 0.02379558, "iv": 73.69, "instrument_name": "BTC-31MAR23-60000-C", "index_price": 23110.88, "direction": "sell", "amount": 0.5}, {"trade_seq": 311, "trade_id": "224743573", "timestamp": 1658946220681, "tick_direction": 2, "price": 0.0225, "mark_price": 0.02354586, "iv": 75.16, "instrument_name": "BTC-31MAR23-60000-C", "index_price": 22016.16, "direction": "sell", "amount": 2.0}, {"trade_seq": 310, "trade_id": "224708082", "timestamp": 1658938028168, "tick_direction": 1, "price": 0.0235, "mark_price": 0.0223317, "iv": 77.05, "instrument_name": "BTC-31MAR23-60000-C", "index_price": 21521.9, "direction": "buy", "amount": 2.0}, {"trade_seq": 309, "trade_id": "224708081", "timestamp": 1658938028168, "tick_direction": 0, "price": 0.0235, "mark_price": 0.0223317, "iv": 77.05, "instrument_name": "BTC-31MAR23-60000-C", "index_price": 21521.9, "direction": "buy", "amount": 2.0}, {"trade_seq": 308, "trade_id": "224260038", "timestamp": 1658579974911, "tick_direction": 2, "price": 0.026, "mark_price": 0.02602565, "iv": 76.24, "instrument_name": "BTC-31MAR23-60000-C", "index_price": 22313.09, "direction": "buy", "amount": 1.5}, {"trade_seq": 307, "trade_id": "224249215", "timestamp": 1658573900425, "tick_direction": 1, "price": 0.0265, "mark_price": 0.02649378, "iv": 76.09, "instrument_name": "BTC-31MAR23-60000-C", "index_price": 22492.12, "direction": "buy", "amount": 5.0}, {"trade_seq": 306, "trade_id": "224249213", "timestamp": 1658573881726, "tick_direction": 0, "price": 0.0265, "mark_price": 0.02649408, "iv": 76.09, "instrument_name": "BTC-31MAR23-60000-C", "index_price": 22489.18, "direction": "buy", "amount": 5.0}, {"trade_seq": 305, "trade_id": "224249198", "timestamp": 1658573875039, "tick_direction": 2, "price": 0.026, "mark_price": 0.02645898, "iv": 75.8, "instrument_name": "BTC-31MAR23-60000-C", "index_price": 22480.09, "direction": "buy", "amount": 5.0}, {"trade_seq": 304, "trade_id": "224207268", "timestamp": 1658530214693, "tick_direction": 1, "price": 0.031, "mark_price": 0.03256965, "iv": 78.22, "instrument_name": "BTC-31MAR23-60000-C", "index_price": 22733.69, "direction": "sell", "amount": 1.5}, {"trade_seq": 303, "trade_id": "224207267", "timestamp": 1658530214461, "tick_direction": 0, "price": 0.031, "mark_price": 0.03256965, "iv": 78.22, "instrument_name": "BTC-31MAR23-60000-C", "index_price": 22733.69, "direction": "sell", "amount": 1.6}, {"trade_seq": 302, "trade_id": "223753169", "timestamp": 1658312662758, "tick_direction": 0, "price": 0.028, "mark_price": 0.02643659, "iv": 73.67, "instrument_name": "BTC-31MAR23-60000-C", "index_price": 23747.35, "direction": "buy", "amount": 0.1}, {"trade_seq": 301, "trade_id": "223360980", "timestamp": 1658158162857, "tick_direction": 0, "price": 0.0245, "mark_price": 0.02522116, "iv": 74.75, "instrument_name": "BTC-31MAR23-60000-C", "index_price": 22207.71, "direction": "sell", "amount": 10.0}, {"trade_seq": 300, "trade_id": "223140309", "timestamp": 1657989395920, "tick_direction": 0, "price": 0.02, "mark_price": 0.0191213, "iv": 73.62, "instrument_name": "BTC-31MAR23-60000-C", "index_price": 21250.81, "direction": "buy", "amount": 5.0}, {"trade_seq": 299, "trade_id": "222899943", "timestamp": 1657780425060, "tick_direction": 3, "price": 0.0195, "mark_price": 0.01785878, "iv": 76.14, "instrument_name": "BTC-31MAR23-60000-C", "index_price": 19926.85, "direction": "buy", "amount": 0.1}, {"trade_seq": 298, "trade_id": "222596668", "timestamp": 1657554201583, "tick_direction": 1, "price": 0.021, "mark_price": 0.01946835, "iv": 75.63, "instrument_name": "BTC-31MAR23-60000-C", "index_price": 20411.76, "direction": "buy", "amount": 15.0}, {"trade_seq": 297, "trade_id": "222596666", "timestamp": 1657554180981, "tick_direction": 1, "price": 0.021, "mark_price": 0.01949106, "iv": 75.63, "instrument_name": "BTC-31MAR23-60000-C", "index_price": 20414.3, "direction": "buy", "amount": 15.0}, {"trade_seq": 296, "trade_id": "222596664", "timestamp": 1657554177168, "tick_direction": 1, "price": 0.021, "mark_price": 0.01949902, "iv": 75.62, "instrument_name": "BTC-31MAR23-60000-C", "index_price": 20415.36, "direction": "buy", "amount": 8.0}, {"trade_seq": 295, "trade_id": "222596663", "timestamp": 1657554177168, "tick_direction": 0, "price": 0.021, "mark_price": 0.01949902, "iv": 75.62, "instrument_name": "BTC-31MAR23-60000-C", "index_price": 20415.36, "direction": "buy", "amount": 15.0}, {"trade_seq": 294, "trade_id": "222549582", "timestamp": 1657501702850, "tick_direction": 2, "price": 0.02, "mark_price": 0.01986605, "iv": 73.95, "instrument_name": "BTC-31MAR23-60000-C", "index_price": 20759.98, "direction": "sell", "amount": 0.1}, {"trade_seq": 293, "trade_id": "222432514", "timestamp": 1657332623180, "tick_direction": 3, "price": 0.022, "mark_price": 0.02333179, "iv": 73.34, "instrument_name": "BTC-31MAR23-60000-C", "index_price": 21531.03, "direction": "buy", "amount": 0.1}, {"trade_seq": 292, "trade_id": "222432510", "timestamp": 1657332613651, "tick_direction": 3, "price": 0.022, "mark_price": 0.02333481, "iv": 73.33, "instrument_name": "BTC-31MAR23-60000-C", "index_price": 21532.26, "direction": "buy", "amount": 0.2}, {"trade_seq": 291, "trade_id": "222432487", "timestamp": 1657332584498, "tick_direction": 2, "price": 0.022, "mark_price": 0.02336005, "iv": 73.32, "instrument_name": "BTC-31MAR23-60000-C", "index_price": 21536.87, "direction": "buy", "amount": 0.3}, {"trade_seq": 290, "trade_id": "222291568", "timestamp": 1657226478655, "tick_direction": 2, "price": 0.025, "mark_price": 0.0259036, "iv": 74.94, "instrument_name": "BTC-31MAR23-60000-C", "index_price": 21562.87, "direction": "buy", "amount": 5.0}, {"trade_seq": 289, "trade_id": "222288330", "timestamp": 1657224180732, "tick_direction": 1, "price": 0.027, "mark_price": 0.02586433, "iv": 75.87, "instrument_name": "BTC-31MAR23-60000-C", "index_price": 21705.68, "direction": "sell", "amount": 1.0}, {"trade_seq": 288, "trade_id": "222287987", "timestamp": 1657224115766, "tick_direction": 0, "price": 0.027, "mark_price": 0.0261044, "iv": 75.72, "instrument_name": "BTC-31MAR23-60000-C", "index_price": 21774.14, "direction": "sell", "amount": 8.0}, {"trade_seq": 287, "trade_id": "222286183", "timestamp": 1657223788461, "tick_direction": 0, "price": 0.0265, "mark_price": 0.02564294, "iv": 75.48, "instrument_name": "BTC-31MAR23-60000-C", "index_price": 21776.74, "direction": "sell", "amount": 7.0}, {"trade_seq": 286, "trade_id": "222251680", "timestamp": 1657205743796, "tick_direction": 0, "price": 0.024, "mark_price": 0.02349639, "iv": 75.79, "instrument_name": "BTC-31MAR23-60000-C", "index_price": 20919.08, "direction": "sell", "amount": 6.0}, {"trade_seq": 285, "trade_id": "222112159", "timestamp": 1657085608739, "tick_direction": 3, "price": 0.0205, "mark_price": 0.02138191, "iv": 75.56, "instrument_name": "BTC-31MAR23-60000-C", "index_price": 19912.39, "direction": "sell", "amount": 0.3}, {"trade_seq": 284, "trade_id": "222111704", "timestamp": 1657085453930, "tick_direction": 3, "price": 0.0205, "mark_price": 0.02152058, "iv": 75.49, "instrument_name": "BTC-31MAR23-60000-C", "index_price": 19944.45, "direction": "sell", "amount": 0.7}, {"trade_seq": 283, "trade_id": "222111703", "timestamp": 1657085453930, "tick_direction": 2, "price": 0.0205, "mark_price": 0.02152058, "iv": 75.49, "instrument_name": "BTC-31MAR23-60000-C", "index_price": 19944.45, "direction": "sell", "amount": 1.0}, {"trade_seq": 282, "trade_id": "222095654", "timestamp": 1657075971097, "tick_direction": 3, "price": 0.0215, "mark_price": 0.02169254, "iv": 76.53, "instrument_name": "BTC-31MAR23-60000-C", "index_price": 19836.12, "direction": "buy", "amount": 1.5}, {"trade_seq": 281, "trade_id": "222095653", "timestamp": 1657075965815, "tick_direction": 3, "price": 0.0215, "mark_price": 0.02168819, "iv": 76.53, "instrument_name": "BTC-31MAR23-60000-C", "index_price": 19835.98, "direction": "buy", "amount": 1.5}, {"trade_seq": 280, "trade_id": "222095652", "timestamp": 1657075960880, "tick_direction": 2, "price": 0.0215, "mark_price": 0.02168764, "iv": 76.54, "instrument_name": "BTC-31MAR23-60000-C", "index_price": 19835.88, "direction": "buy", "amount": 1.5}, {"trade_seq": 279, "trade_id": "222011514", "timestamp": 1657037878501, "tick_direction": 0, "price": 0.0235, "mark_price": 0.02175963, "iv": 78.61, "instrument_name": "BTC-31MAR23-60000-C", "index_price": 19551.13, "direction": "buy", "amount": 1.0}, {"trade_seq": 278, "trade_id": "221970432", "timestamp": 1657014594191, "tick_direction": 3, "price": 0.021, "mark_price": 0.02246307, "iv": 76.52, "instrument_name": "BTC-31MAR23-60000-C", "index_price": 19649.38, "direction": "sell", "amount": 8.0}, {"trade_seq": 277, "trade_id": "221970431", "timestamp": 1657014594191, "tick_direction": 2, "price": 0.021, "mark_price": 0.02246307, "iv": 76.52, "instrument_name": "BTC-31MAR23-60000-C", "index_price": 19649.38, "direction": "sell", "amount": 15.0}, {"trade_seq": 276, "trade_id": "221792348", "timestamp": 1656894882173, "tick_direction": 1, "price": 0.022, "mark_price": 0.02260919, "iv": 78.18, "instrument_name": "BTC-31MAR23-60000-C", "index_price": 19221.94, "direction": "buy", "amount": 10.0}, {"trade_seq": 275, "trade_id": "221663757", "timestamp": 1656702785315, "tick_direction": 0, "price": 0.022, "mark_price": 0.02346577, "iv": 77.61, "instrument_name": "BTC-31MAR23-60000-C", "index_price": 19378.93, "direction": "sell", "amount": 8.0}, {"trade_seq": 274, "trade_id": "221437083", "timestamp": 1656587460905, "tick_direction": 2, "price": 0.0215, "mark_price": 0.02372799, "iv": 77.83, "instrument_name": "BTC-31MAR23-60000-C", "index_price": 19072.96, "direction": "sell", "amount": 0.1}, {"trade_seq": 273, "trade_id": "221337214", "timestamp": 1656523893004, "tick_direction": 2, "price": 0.025, "mark_price": 0.0234334, "iv": 77.86, "instrument_name": "BTC-31MAR23-60000-C", "index_price": 19956.35, "direction": "buy", "amount": 1.0}, {"trade_seq": 272, "trade_id": "221315444", "timestamp": 1656511169661, "tick_direction": 0, "price": 0.0255, "mark_price": 0.02351341, "iv": 77.96, "instrument_name": "BTC-31MAR23-60000-C", "index_price": 20050.18, "direction": "buy", "amount": 2.0}, {"trade_seq": 271, "trade_id": "221194962", "timestamp": 1656436597447, "tick_direction": 2, "price": 0.0245, "mark_price": 0.0248712, "iv": 75.79, "instrument_name": "BTC-31MAR23-60000-C", "index_price": 20606.79, "direction": "buy", "amount": 0.1}, {"trade_seq": 270, "trade_id": "221186774", "timestamp": 1656430484572, "tick_direction": 2, "price": 0.025, "mark_price": 0.02534916, "iv": 75.94, "instrument_name": "BTC-31MAR23-60000-C", "index_price": 20677.24, "direction": "sell", "amount": 5.0}, {"trade_seq": 269, "trade_id": "220498651", "timestamp": 1655861528400, "tick_direction": 0, "price": 0.026, "mark_price": 0.02594158, "iv": 75.85, "instrument_name": "BTC-31MAR23-60000-C", "index_price": 20679.17, "direction": "sell", "amount": 0.5}, {"trade_seq": 268, "trade_id": "219824577", "timestamp": 1655585510935, "tick_direction": 2, "price": 0.0215, "mark_price": 0.02601923, "iv": 79.77, "instrument_name": "BTC-31MAR23-60000-C", "index_price": 17679.2, "direction": "sell", "amount": 1.0}, {"trade_seq": 267, "trade_id": "219796201", "timestamp": 1655580166461, "tick_direction": 2, "price": 0.022, "mark_price": 0.02584152, "iv": 78.61, "instrument_name": "BTC-31MAR23-60000-C", "index_price": 18284.26, "direction": "sell", "amount": 1.0}, {"trade_seq": 266, "trade_id": "219785203", "timestamp": 1655577185258, "tick_direction": 3, "price": 0.023, "mark_price": 0.0272158, "iv": 79.22, "instrument_name": "BTC-31MAR23-60000-C", "index_price": 18294.25, "direction": "sell", "amount": 2.0}, {"trade_seq": 265, "trade_id": "219785202", "timestamp": 1655577185258, "tick_direction": 2, "price": 0.023, "mark_price": 0.0272158, "iv": 79.22, "instrument_name": "BTC-31MAR23-60000-C", "index_price": 18294.25, "direction": "sell", "amount": 2.0}, {"trade_seq": 264, "trade_id": "219750050", "timestamp": 1655568016216, "tick_direction": 0, "price": 0.0275, "mark_price": 0.02728746, "iv": 80.49, "instrument_name": "BTC-31MAR23-60000-C", "index_price": 18928.91, "direction": "sell", "amount": 1.0}, {"trade_seq": 263, "trade_id": "219734365", "timestamp": 1655556395390, "tick_direction": 2, "price": 0.0235, "mark_price": 0.02676546, "iv": 77.3, "instrument_name": "BTC-31MAR23-60000-C", "index_price": 19163.43, "direction": "sell", "amount": 1.1}, {"trade_seq": 262, "trade_id": "219710182", "timestamp": 1655546719303, "tick_direction": 0, "price": 0.0265, "mark_price": 0.02586215, "iv": 79.19, "instrument_name": "BTC-31MAR23-60000-C", "index_price": 19235.28, "direction": "buy", "amount": 1.0}, {"trade_seq": 261, "trade_id": "219703301", "timestamp": 1655544780959, "tick_direction": 3, "price": 0.0235, "mark_price": 0.02339864, "iv": 77.39, "instrument_name": "BTC-31MAR23-60000-C", "index_price": 19126.89, "direction": "buy", "amount": 2.0}, {"trade_seq": 260, "trade_id": "219703300", "timestamp": 1655544780959, "tick_direction": 2, "price": 0.0235, "mark_price": 0.02339864, "iv": 77.39, "instrument_name": "BTC-31MAR23-60000-C", "index_price": 19126.89, "direction": "buy", "amount": 2.0}, {"trade_seq": 259, "trade_id": "219612734", "timestamp": 1655534189056, "tick_direction": 1, "price": 0.025, "mark_price": 0.02503981, "iv": 75.24, "instrument_name": "BTC-31MAR23-60000-C", "index_price": 20372.53, "direction": "sell", "amount": 0.5}, {"trade_seq": 258, "trade_id": "219608925", "timestamp": 1655525761108, "tick_direction": 0, "price": 0.025, "mark_price": 0.02484241, "iv": 75.17, "instrument_name": "BTC-31MAR23-60000-C", "index_price": 20377.35, "direction": "sell", "amount": 0.1}, {"trade_seq": 257, "trade_id": "219599568", "timestamp": 1655514990621, "tick_direction": 0, "price": 0.0245, "mark_price": 0.0250434, "iv": 74.48, "instrument_name": "BTC-31MAR23-60000-C", "index_price": 20513.17, "direction": "sell", "amount": 5.0}, {"trade_seq": 256, "trade_id": "219590611", "timestamp": 1655506107501, "tick_direction": 2, "price": 0.024, "mark_price": 0.0248026, "iv": 74.45, "instrument_name": "BTC-31MAR23-60000-C", "index_price": 20439.04, "direction": "sell", "amount": 0.1}, {"trade_seq": 255, "trade_id": "219504663", "timestamp": 1655465441037, "tick_direction": 3, "price": 0.025, "mark_price": 0.02506639, "iv": 73.42, "instrument_name": "BTC-31MAR23-60000-C", "index_price": 21091.96, "direction": "buy", "amount": 2.0}, {"trade_seq": 254, "trade_id": "219504662", "timestamp": 1655465441037, "tick_direction": 2, "price": 0.025, "mark_price": 0.02506639, "iv": 73.42, "instrument_name": "BTC-31MAR23-60000-C", "index_price": 21091.96, "direction": "buy", "amount": 2.0}, {"trade_seq": 253, "trade_id": "219491830", "timestamp": 1655459067460, "tick_direction": 0, "price": 0.034, "mark_price": 0.0279805, "iv": 79.14, "instrument_name": "BTC-31MAR23-60000-C", "index_price": 20901.74, "direction": "buy", "amount": 0.1}, {"trade_seq": 252, "trade_id": "219445022", "timestamp": 1655446156691, "tick_direction": 3, "price": 0.025, "mark_price": 0.02767672, "iv": 74.38, "instrument_name": "BTC-31MAR23-60000-C", "index_price": 20685.07, "direction": "buy", "amount": 0.4}, {"trade_seq": 251, "trade_id": "219445021", "timestamp": 1655446156687, "tick_direction": 3, "price": 0.025, "mark_price": 0.02767672, "iv": 74.38, "instrument_name": "BTC-31MAR23-60000-C", "index_price": 20685.07, "direction": "sell", "amount": 2.0}, {"trade_seq": 250, "trade_id": "219445020", "timestamp": 1655446156687, "tick_direction": 3, "price": 0.025, "mark_price": 0.02767672, "iv": 74.38, "instrument_name": "BTC-31MAR23-60000-C", "index_price": 20685.07, "direction": "sell", "amount": 2.0}, {"trade_seq": 249, "trade_id": "219225666", "timestamp": 1655369274291, "tick_direction": 3, "price": 0.025, "mark_price": 0.02853744, "iv": 71.66, "instrument_name": "BTC-31MAR23-60000-C", "index_price": 21730.86, "direction": "sell", "amount": 2.0}, {"trade_seq": 248, "trade_id": "219225665", "timestamp": 1655369274291, "tick_direction": 2, "price": 0.025, "mark_price": 0.02853744, "iv": 71.66, "instrument_name": "BTC-31MAR23-60000-C", "index_price": 21730.86, "direction": "sell", "amount": 2.0}, {"trade_seq": 247, "trade_id": "219224502", "timestamp": 1655368462578, "tick_direction": 2, "price": 0.0255, "mark_price": 0.02867499, "iv": 71.88, "instrument_name": "BTC-31MAR23-60000-C", "index_price": 21790.75, "direction": "sell", "amount": 2.0}, {"trade_seq": 246, "trade_id": "219215217", "timestamp": 1655364263694, "tick_direction": 0, "price": 0.028, "mark_price": 0.02897751, "iv": 73.39, "instrument_name": "BTC-31MAR23-60000-C", "index_price": 21783.98, "direction": "buy", "amount": 1.0}, {"trade_seq": 245, "trade_id": "219215200", "timestamp": 1655364257678, "tick_direction": 2, "price": 0.0255, "mark_price": 0.02892642, "iv": 71.91, "instrument_name": "BTC-31MAR23-60000-C", "index_price": 21777.87, "direction": "sell", "amount": 1.0}, {"trade_seq": 244, "trade_id": "219087692", "timestamp": 1655317827704, "tick_direction": 3, "price": 0.028, "mark_price": 0.03234045, "iv": 75.81, "instrument_name": "BTC-31MAR23-60000-C", "index_price": 20705.68, "direction": "sell", "amount": 2.0}, {"trade_seq": 243, "trade_id": "219087691", "timestamp": 1655317827704, "tick_direction": 2, "price": 0.028, "mark_price": 0.03234045, "iv": 75.81, "instrument_name": "BTC-31MAR23-60000-C", "index_price": 20705.68, "direction": "sell", "amount": 2.0}, {"trade_seq": 242, "trade_id": "219017423", "timestamp": 1655307157314, "tick_direction": 2, "price": 0.0285, "mark_price": 0.03021164, "iv": 75.02, "instrument_name": "BTC-31MAR23-60000-C", "index_price": 21171.83, "direction": "buy", "amount": 1.0}, {"trade_seq": 241, "trade_id": "218975318", "timestamp": 1655294977176, "tick_direction": 2, "price": 0.031, "mark_price": 0.03370219, "iv": 76.53, "instrument_name": "BTC-31MAR23-60000-C", "index_price": 21103.27, "direction": "sell", "amount": 1.0}, {"trade_seq": 240, "trade_id": "218835339", "timestamp": 1655268852126, "tick_direction": 0, "price": 0.0315, "mark_price": 0.03050239, "iv": 76.63, "instrument_name": "BTC-31MAR23-60000-C", "index_price": 21192.82, "direction": "sell", "amount": 8.0}, {"trade_seq": 239, "trade_id": "218801894", "timestamp": 1655253330790, "tick_direction": 3, "price": 0.03, "mark_price": 0.03108977, "iv": 73.58, "instrument_name": "BTC-31MAR23-60000-C", "index_price": 22059.98, "direction": "sell", "amount": 3.0}, {"trade_seq": 238, "trade_id": "218564449", "timestamp": 1655200605263, "tick_direction": 2, "price": 0.03, "mark_price": 0.03006534, "iv": 72.87, "instrument_name": "BTC-31MAR23-60000-C", "index_price": 22280.33, "direction": "sell", "amount": 0.2}, {"trade_seq": 237, "trade_id": "218515930", "timestamp": 1655189832660, "tick_direction": 0, "price": 0.0305, "mark_price": 0.03019347, "iv": 72.59, "instrument_name": "BTC-31MAR23-60000-C", "index_price": 22545.65, "direction": "buy", "amount": 0.2}, {"trade_seq": 236, "trade_id": "218310843", "timestamp": 1655161453443, "tick_direction": 2, "price": 0.029, "mark_price": 0.03061224, "iv": 71.9, "instrument_name": "BTC-31MAR23-60000-C", "index_price": 22390.66, "direction": "sell", "amount": 1.0}, {"trade_seq": 235, "trade_id": "218177182", "timestamp": 1655131723599, "tick_direction": 2, "price": 0.0275, "mark_price": 0.03796438, "iv": 69.94, "instrument_name": "BTC-31MAR23-60000-C", "index_price": 22912.56, "direction": "sell", "amount": 1.0}, {"trade_seq": 234, "trade_id": "218177181", "timestamp": 1655131723599, "tick_direction": 2, "price": 0.028, "mark_price": 0.03796438, "iv": 70.23, "instrument_name": "BTC-31MAR23-60000-C", "index_price": 22912.56, "direction": "sell", "amount": 1.0}, {"trade_seq": 233, "trade_id": "218176353", "timestamp": 1655131672712, "tick_direction": 2, "price": 0.0295, "mark_price": 0.03856983, "iv": 70.88, "instrument_name": "BTC-31MAR23-60000-C", "index_price": 22962.0, "direction": "sell", "amount": 1.0}, {"trade_seq": 232, "trade_id": "218124737", "timestamp": 1655125729520, "tick_direction": 1, "price": 0.044, "mark_price": 0.03522185, "iv": 76.57, "instrument_name": "BTC-31MAR23-60000-C", "index_price": 23639.9, "direction": "sell", "amount": 5.0}, {"trade_seq": 231, "trade_id": "218124736", "timestamp": 1655125729518, "tick_direction": 0, "price": 0.044, "mark_price": 0.03522185, "iv": 76.57, "instrument_name": "BTC-31MAR23-60000-C", "index_price": 23639.9, "direction": "sell", "amount": 5.0}, {"trade_seq": 230, "trade_id": "218029891", "timestamp": 1655109484707, "tick_direction": 3, "price": 0.034, "mark_price": 0.03466527, "iv": 69.6, "instrument_name": "BTC-31MAR23-60000-C", "index_price": 24600.12, "direction": "sell", "amount": 1.0}, {"trade_seq": 229, "trade_id": "218029890", "timestamp": 1655109484707, "tick_direction": 2, "price": 0.034, "mark_price": 0.03466527, "iv": 69.6, "instrument_name": "BTC-31MAR23-60000-C", "index_price": 24600.12, "direction": "sell", "amount": 0.1}, {"trade_seq": 228, "trade_id": "217808994", "timestamp": 1655058270476, "tick_direction": 0, "price": 0.038, "mark_price": 0.03682455, "iv": 64.58, "instrument_name": "BTC-31MAR23-60000-C", "index_price": 27939.11, "direction": "sell", "amount": 1.0}, {"trade_seq": 227, "trade_id": "217739542", "timestamp": 1655029961901, "tick_direction": 3, "price": 0.036, "mark_price": 0.03653283, "iv": 64.44, "instrument_name": "BTC-31MAR23-60000-C", "index_price": 27508.39, "direction": "buy", "amount": 2.0}, {"trade_seq": 226, "trade_id": "217739322", "timestamp": 1655029826938, "tick_direction": 2, "price": 0.036, "mark_price": 0.03683723, "iv": 64.46, "instrument_name": "BTC-31MAR23-60000-C", "index_price": 27507.93, "direction": "buy", "amount": 2.0}, {"trade_seq": 225, "trade_id": "217730859", "timestamp": 1655023455873, "tick_direction": 0, "price": 0.0365, "mark_price": 0.03699229, "iv": 64.51, "instrument_name": "BTC-31MAR23-60000-C", "index_price": 27590.7, "direction": "buy", "amount": 0.3}, {"trade_seq": 224, "trade_id": "217725191", "timestamp": 1655020308466, "tick_direction": 2, "price": 0.0325, "mark_price": 0.03481669, "iv": 62.83, "instrument_name": "BTC-31MAR23-60000-C", "index_price": 27449.5, "direction": "sell", "amount": 0.1}, {"trade_seq": 223, "trade_id": "217706851", "timestamp": 1655009752230, "tick_direction": 3, "price": 0.0385, "mark_price": 0.03503983, "iv": 65.64, "instrument_name": "BTC-31MAR23-60000-C", "index_price": 27432.87, "direction": "buy", "amount": 1.0}, {"trade_seq": 222, "trade_id": "217706278", "timestamp": 1655009279073, "tick_direction": 3, "price": 0.0385, "mark_price": 0.0350638, "iv": 65.59, "instrument_name": "BTC-31MAR23-60000-C", "index_price": 27451.02, "direction": "sell", "amount": 0.2}, {"trade_seq": 221, "trade_id": "217706277", "timestamp": 1655009279073, "tick_direction": 2, "price": 0.0385, "mark_price": 0.0350638, "iv": 65.59, "instrument_name": "BTC-31MAR23-60000-C", "index_price": 27451.02, "direction": "sell", "amount": 0.1}, {"trade_seq": 220, "trade_id": "217476756", "timestamp": 1654877919353, "tick_direction": 2, "price": 0.0455, "mark_price": 0.0455982, "iv": 64.61, "instrument_name": "BTC-31MAR23-60000-C", "index_price": 29318.16, "direction": "buy", "amount": 0.1}, {"trade_seq": 219, "trade_id": "217443696", "timestamp": 1654868222251, "tick_direction": 1, "price": 0.0475, "mark_price": 0.04485406, "iv": 65.42, "instrument_name": "BTC-31MAR23-60000-C", "index_price": 29355.47, "direction": "sell", "amount": 9.6}, {"trade_seq": 218, "trade_id": "217443695", "timestamp": 1654868222250, "tick_direction": 1, "price": 0.0475, "mark_price": 0.04485406, "iv": 65.42, "instrument_name": "BTC-31MAR23-60000-C", "index_price": 29355.47, "direction": "sell", "amount": 18.0}, {"trade_seq": 217, "trade_id": "217443694", "timestamp": 1654868222248, "tick_direction": 1, "price": 0.0475, "mark_price": 0.04485406, "iv": 65.42, "instrument_name": "BTC-31MAR23-60000-C", "index_price": 29355.47, "direction": "buy", "amount": 15.0}, {"trade_seq": 216, "trade_id": "217443693", "timestamp": 1654868222248, "tick_direction": 0, "price": 0.0475, "mark_price": 0.04485406, "iv": 65.42, "instrument_name": "BTC-31MAR23-60000-C", "index_price": 29355.47, "direction": "buy", "amount": 7.4}, {"trade_seq": 215, "trade_id": "217236574", "timestamp": 1654717226858, "tick_direction": 2, "price": 0.0455, "mark_price": 0.04747286, "iv": 62.67, "instrument_name": "BTC-31MAR23-60000-C", "index_price": 30230.71, "direction": "sell", "amount": 1.0}, {"trade_seq": 214, "trade_id": "217222032", "timestamp": 1654704804030, "tick_direction": 0, "price": 0.047, "mark_price": 0.0488484, "iv": 62.77, "instrument_name": "BTC-31MAR23-60000-C", "index_price": 30501.97, "direction": "sell", "amount": 3.4}, {"trade_seq": 213, "trade_id": "217027502", "timestamp": 1654600316097, "tick_direction": 2, "price": 0.0425, "mark_price": 0.04272171, "iv": 62.77, "instrument_name": "BTC-31MAR23-60000-C", "index_price": 29388.38, "direction": "buy", "amount": 2.0}, {"trade_seq": 212, "trade_id": "217027019", "timestamp": 1654600188283, "tick_direction": 2, "price": 0.043, "mark_price": 0.04302942, "iv": 62.84, "instrument_name": "BTC-31MAR23-60000-C", "index_price": 29487.58, "direction": "buy", "amount": 2.0}, {"trade_seq": 211, "trade_id": "216843155", "timestamp": 1654482668701, "tick_direction": 0, "price": 0.052, "mark_price": 0.05248385, "iv": 63.28, "instrument_name": "BTC-31MAR23-60000-C", "index_price": 31074.27, "direction": "buy", "amount": 5.0}, {"trade_seq": 210, "trade_id": "216751756", "timestamp": 1654323874738, "tick_direction": 2, "price": 0.0455, "mark_price": 0.04555561, "iv": 63.1, "instrument_name": "BTC-31MAR23-60000-C", "index_price": 29669.45, "direction": "buy", "amount": 0.1}, {"trade_seq": 209, "trade_id": "216558158", "timestamp": 1654152120795, "tick_direction": 3, "price": 0.048, "mark_price": 0.04820394, "iv": 63.6, "instrument_name": "BTC-31MAR23-60000-C", "index_price": 29796.78, "direction": "sell", "amount": 0.2}, {"trade_seq": 208, "trade_id": "216558157", "timestamp": 1654152120795, "tick_direction": 3, "price": 0.048, "mark_price": 0.04820394, "iv": 63.6, "instrument_name": "BTC-31MAR23-60000-C", "index_price": 29796.78, "direction": "sell", "amount": 0.5}, {"trade_seq": 207, "trade_id": "216558156", "timestamp": 1654152120795, "tick_direction": 2, "price": 0.048, "mark_price": 0.04820394, "iv": 63.6, "instrument_name": "BTC-31MAR23-60000-C", "index_price": 29796.78, "direction": "sell", "amount": 0.1}, {"trade_seq": 206, "trade_id": "216237904", "timestamp": 1653951504592, "tick_direction": 0, "price": 0.06, "mark_price": 0.0587231, "iv": 64.42, "instrument_name": "BTC-31MAR23-60000-C", "index_price": 31698.39, "direction": "buy", "amount": 0.1}, {"trade_seq": 205, "trade_id": "216138040", "timestamp": 1653906557479, "tick_direction": 1, "price": 0.0555, "mark_price": 0.05462446, "iv": 64.8, "instrument_name": "BTC-31MAR23-60000-C", "index_price": 30608.87, "direction": "sell", "amount": 4.5}, {"trade_seq": 204, "trade_id": "216138039", "timestamp": 1653906557460, "tick_direction": 0, "price": 0.0555, "mark_price": 0.05462446, "iv": 64.8, "instrument_name": "BTC-31MAR23-60000-C", "index_price": 30608.87, "direction": "sell", "amount": 6.8}, {"trade_seq": 203, "trade_id": "216039435", "timestamp": 1653829329907, "tick_direction": 0, "price": 0.051, "mark_price": 0.05040047, "iv": 65.46, "instrument_name": "BTC-31MAR23-60000-C", "index_price": 29371.22, "direction": "buy", "amount": 5.0}, {"trade_seq": 202, "trade_id": "215967789", "timestamp": 1653704569653, "tick_direction": 2, "price": 0.049, "mark_price": 0.05113594, "iv": 65.77, "instrument_name": "BTC-31MAR23-60000-C", "index_price": 28695.01, "direction": "buy", "amount": 0.5}, {"trade_seq": 201, "trade_id": "215956763", "timestamp": 1653693723026, "tick_direction": 3, "price": 0.05, "mark_price": 0.05013575, "iv": 66.22, "instrument_name": "BTC-31MAR23-60000-C", "index_price": 28683.99, "direction": "buy", "amount": 0.6}, {"trade_seq": 200, "trade_id": "215930262", "timestamp": 1653673741482, "tick_direction": 3, "price": 0.05, "mark_price": 0.05094621, "iv": 66.78, "instrument_name": "BTC-31MAR23-60000-C", "index_price": 28404.0, "direction": "buy", "amount": 0.5}, {"trade_seq": 199, "trade_id": "215930261", "timestamp": 1653673741472, "tick_direction": 3, "price": 0.05, "mark_price": 0.05094621, "iv": 66.78, "instrument_name": "BTC-31MAR23-60000-C", "index_price": 28404.0, "direction": "sell", "amount": 0.2}, {"trade_seq": 198, "trade_id": "215930260", "timestamp": 1653673741472, "tick_direction": 2, "price": 0.05, "mark_price": 0.05094621, "iv": 66.78, "instrument_name": "BTC-31MAR23-60000-C", "index_price": 28404.0, "direction": "sell", "amount": 0.3}, {"trade_seq": 197, "trade_id": "215921159", "timestamp": 1653671884451, "tick_direction": 3, "price": 0.052, "mark_price": 0.0525283, "iv": 67.23, "instrument_name": "BTC-31MAR23-60000-C", "index_price": 28526.97, "direction": "sell", "amount": 1.0}, {"trade_seq": 196, "trade_id": "215921158", "timestamp": 1653671884451, "tick_direction": 2, "price": 0.052, "mark_price": 0.0525283, "iv": 67.23, "instrument_name": "BTC-31MAR23-60000-C", "index_price": 28526.97, "direction": "sell", "amount": 1.0}, {"trade_seq": 195, "trade_id": "215916469", "timestamp": 1653669027766, "tick_direction": 2, "price": 0.053, "mark_price": 0.05312665, "iv": 67.33, "instrument_name": "BTC-31MAR23-60000-C", "index_price": 28662.98, "direction": "sell", "amount": 0.5}, {"trade_seq": 194, "trade_id": "215915746", "timestamp": 1653668841080, "tick_direction": 3, "price": 0.0535, "mark_price": 0.05326144, "iv": 67.44, "instrument_name": "BTC-31MAR23-60000-C", "index_price": 28738.12, "direction": "sell", "amount": 0.5}, {"trade_seq": 193, "trade_id": "215915214", "timestamp": 1653668483740, "tick_direction": 3, "price": 0.0535, "mark_price": 0.05336527, "iv": 67.32, "instrument_name": "BTC-31MAR23-60000-C", "index_price": 28796.47, "direction": "sell", "amount": 0.3}, {"trade_seq": 192, "trade_id": "215915201", "timestamp": 1653668469990, "tick_direction": 2, "price": 0.0535, "mark_price": 0.05339741, "iv": 67.31, "instrument_name": "BTC-31MAR23-60000-C", "index_price": 28809.79, "direction": "sell", "amount": 0.2}, {"trade_seq": 191, "trade_id": "215915090", "timestamp": 1653668272836, "tick_direction": 0, "price": 0.054, "mark_price": 0.05333696, "iv": 67.51, "instrument_name": "BTC-31MAR23-60000-C", "index_price": 28807.27, "direction": "sell", "amount": 0.5}, {"trade_seq": 190, "trade_id": "215842661", "timestamp": 1653631641961, "tick_direction": 2, "price": 0.052, "mark_price": 0.05157014, "iv": 67.06, "instrument_name": "BTC-31MAR23-60000-C", "index_price": 28633.93, "direction": "sell", "amount": 0.1}, {"trade_seq": 189, "trade_id": "215831708", "timestamp": 1653623711066, "tick_direction": 0, "price": 0.0545, "mark_price": 0.05338715, "iv": 67.26, "instrument_name": "BTC-31MAR23-60000-C", "index_price": 29021.98, "direction": "buy", "amount": 17.0}, {"trade_seq": 188, "trade_id": "215706849", "timestamp": 1653566700882, "tick_direction": 3, "price": 0.053, "mark_price": 0.05442586, "iv": 66.89, "instrument_name": "BTC-31MAR23-60000-C", "index_price": 28946.49, "direction": "sell", "amount": 0.2}, {"trade_seq": 187, "trade_id": "215706848", "timestamp": 1653566700882, "tick_direction": 2, "price": 0.053, "mark_price": 0.05442586, "iv": 66.89, "instrument_name": "BTC-31MAR23-60000-C", "index_price": 28946.49, "direction": "sell", "amount": 0.8}, {"trade_seq": 186, "trade_id": "215565049", "timestamp": 1653449330616, "tick_direction": 0, "price": 0.059, "mark_price": 0.05941153, "iv": 66.48, "instrument_name": "BTC-31MAR23-60000-C", "index_price": 30144.2, "direction": "buy", "amount": 1.0}, {"trade_seq": 185, "trade_id": "215556977", "timestamp": 1653444635647, "tick_direction": 0, "price": 0.0585, "mark_price": 0.05764334, "iv": 67.14, "instrument_name": "BTC-31MAR23-60000-C", "index_price": 29714.53, "direction": "buy", "amount": 0.5}, {"trade_seq": 184, "trade_id": "215526916", "timestamp": 1653411025506, "tick_direction": 0, "price": 0.056, "mark_price": 0.05671831, "iv": 66.93, "instrument_name": "BTC-31MAR23-60000-C", "index_price": 29290.99, "direction": "sell", "amount": 0.8}, {"trade_seq": 183, "trade_id": "215509095", "timestamp": 1653402849111, "tick_direction": 1, "price": 0.055, "mark_price": 0.05378015, "iv": 67.18, "instrument_name": "BTC-31MAR23-60000-C", "index_price": 28985.06, "direction": "buy", "amount": 16.0}, {"trade_seq": 182, "trade_id": "215493838", "timestamp": 1653395904259, "tick_direction": 1, "price": 0.055, "mark_price": 0.05453543, "iv": 66.83, "instrument_name": "BTC-31MAR23-60000-C", "index_price": 29232.29, "direction": "sell", "amount": 4.0}, {"trade_seq": 181, "trade_id": "215493769", "timestamp": 1653395822001, "tick_direction": 0, "price": 0.055, "mark_price": 0.05436113, "iv": 66.89, "instrument_name": "BTC-31MAR23-60000-C", "index_price": 29194.44, "direction": "sell", "amount": 1.0}, {"trade_seq": 180, "trade_id": "215492886", "timestamp": 1653394831463, "tick_direction": 2, "price": 0.054, "mark_price": 0.05360721, "iv": 66.4, "instrument_name": "BTC-31MAR23-60000-C", "index_price": 29207.49, "direction": "sell", "amount": 1.0}, {"trade_seq": 179, "trade_id": "215477683", "timestamp": 1653375136990, "tick_direction": 0, "price": 0.055, "mark_price": 0.05407558, "iv": 66.64, "instrument_name": "BTC-31MAR23-60000-C", "index_price": 29304.91, "direction": "sell", "amount": 1.0}, {"trade_seq": 178, "trade_id": "215466419", "timestamp": 1653361356055, "tick_direction": 2, "price": 0.054, "mark_price": 0.05529235, "iv": 66.38, "instrument_name": "BTC-31MAR23-60000-C", "index_price": 29222.94, "direction": "sell", "amount": 15.0}, {"trade_seq": 177, "trade_id": "215466301", "timestamp": 1653361327930, "tick_direction": 3, "price": 0.0545, "mark_price": 0.05540982, "iv": 66.53, "instrument_name": "BTC-31MAR23-60000-C", "index_price": 29241.21, "direction": "sell", "amount": 2.5}, {"trade_seq": 176, "trade_id": "215466300", "timestamp": 1653361327930, "tick_direction": 2, "price": 0.0545, "mark_price": 0.05540982, "iv": 66.53, "instrument_name": "BTC-31MAR23-60000-C", "index_price": 29241.21, "direction": "sell", "amount": 2.5}, {"trade_seq": 175, "trade_id": "215464249", "timestamp": 1653359513927, "tick_direction": 3, "price": 0.055, "mark_price": 0.05563588, "iv": 66.78, "instrument_name": "BTC-31MAR23-60000-C", "index_price": 29193.41, "direction": "sell", "amount": 0.2}, {"trade_seq": 174, "trade_id": "215464248", "timestamp": 1653359513927, "tick_direction": 2, "price": 0.055, "mark_price": 0.05563588, "iv": 66.78, "instrument_name": "BTC-31MAR23-60000-C", "index_price": 29193.41, "direction": "sell", "amount": 0.2}, {"trade_seq": 173, "trade_id": "215442324", "timestamp": 1653338448010, "tick_direction": 2, "price": 0.058, "mark_price": 0.05771713, "iv": 67.71, "instrument_name": "BTC-31MAR23-60000-C", "index_price": 29265.63, "direction": "sell", "amount": 1.0}, {"trade_seq": 172, "trade_id": "215428044", "timestamp": 1653333390305, "tick_direction": 2, "price": 0.0585, "mark_price": 0.05785975, "iv": 67.67, "instrument_name": "BTC-31MAR23-60000-C", "index_price": 29345.73, "direction": "sell", "amount": 0.1}, {"trade_seq": 171, "trade_id": "215426014", "timestamp": 1653333317431, "tick_direction": 2, "price": 0.059, "mark_price": 0.05893958, "iv": 67.42, "instrument_name": "BTC-31MAR23-60000-C", "index_price": 29567.47, "direction": "sell", "amount": 0.1}, {"trade_seq": 170, "trade_id": "215408500", "timestamp": 1653320563675, "tick_direction": 0, "price": 0.062, "mark_price": 0.0622355, "iv": 66.9, "instrument_name": "BTC-31MAR23-60000-C", "index_price": 30393.28, "direction": "buy", "amount": 0.1}, {"trade_seq": 169, "trade_id": "215280641", "timestamp": 1653206593265, "tick_direction": 0, "price": 0.0605, "mark_price": 0.06080655, "iv": 68.21, "instrument_name": "BTC-31MAR23-60000-C", "index_price": 29411.41, "direction": "sell", "amount": 0.6}, {"trade_seq": 168, "trade_id": "215217217", "timestamp": 1653092195451, "tick_direction": 2, "price": 0.06, "mark_price": 0.06158245, "iv": 68.18, "instrument_name": "BTC-31MAR23-60000-C", "index_price": 29240.0, "direction": "sell", "amount": 1.0}, {"trade_seq": 167, "trade_id": "215167151", "timestamp": 1653059714637, "tick_direction": 2, "price": 0.062, "mark_price": 0.0604838, "iv": 68.62, "instrument_name": "BTC-31MAR23-60000-C", "index_price": 29349.4, "direction": "buy", "amount": 0.6}, {"trade_seq": 166, "trade_id": "215044197", "timestamp": 1652981479356, "tick_direction": 2, "price": 0.0655, "mark_price": 0.06717365, "iv": 68.47, "instrument_name": "BTC-31MAR23-60000-C", "index_price": 30032.31, "direction": "buy", "amount": 0.1}, {"trade_seq": 165, "trade_id": "215031828", "timestamp": 1652976120581, "tick_direction": 2, "price": 0.067, "mark_price": 0.06724545, "iv": 68.3, "instrument_name": "BTC-31MAR23-60000-C", "index_price": 30318.25, "direction": "sell", "amount": 0.8}, {"trade_seq": 164, "trade_id": "215030564", "timestamp": 1652975530473, "tick_direction": 1, "price": 0.0685, "mark_price": 0.06681626, "iv": 68.72, "instrument_name": "BTC-31MAR23-60000-C", "index_price": 30382.7, "direction": "buy", "amount": 0.3}, {"trade_seq": 163, "trade_id": "215030563", "timestamp": 1652975530473, "tick_direction": 0, "price": 0.0685, "mark_price": 0.06681626, "iv": 68.72, "instrument_name": "BTC-31MAR23-60000-C", "index_price": 30382.7, "direction": "buy", "amount": 0.7}, {"trade_seq": 162, "trade_id": "215029475", "timestamp": 1652975146591, "tick_direction": 1, "price": 0.0675, "mark_price": 0.0663119, "iv": 68.49, "instrument_name": "BTC-31MAR23-60000-C", "index_price": 30318.97, "direction": "buy", "amount": 0.3}, {"trade_seq": 161, "trade_id": "215029474", "timestamp": 1652975146591, "tick_direction": 0, "price": 0.0675, "mark_price": 0.0663119, "iv": 68.49, "instrument_name": "BTC-31MAR23-60000-C", "index_price": 30318.97, "direction": "buy", "amount": 0.7}, {"trade_seq": 160, "trade_id": "215024908", "timestamp": 1652974351725, "tick_direction": 0, "price": 0.065, "mark_price": 0.06586206, "iv": 67.69, "instrument_name": "BTC-31MAR23-60000-C", "index_price": 30343.47, "direction": "buy", "amount": 1.0}, {"trade_seq": 159, "trade_id": "215000994", "timestamp": 1652966513368, "tick_direction": 0, "price": 0.061, "mark_price": 0.06058236, "iv": 67.67, "instrument_name": "BTC-31MAR23-60000-C", "index_price": 29630.56, "direction": "sell", "amount": 1.0}, {"trade_seq": 158, "trade_id": "214995442", "timestamp": 1652963468644, "tick_direction": 0, "price": 0.06, "mark_price": 0.06045131, "iv": 67.49, "instrument_name": "BTC-31MAR23-60000-C", "index_price": 29483.91, "direction": "sell", "amount": 1.0}, {"trade_seq": 157, "trade_id": "214980913", "timestamp": 1652956065988, "tick_direction": 1, "price": 0.0585, "mark_price": 0.05832964, "iv": 67.91, "instrument_name": "BTC-31MAR23-60000-C", "index_price": 29020.8, "direction": "sell", "amount": 1.0}, {"trade_seq": 156, "trade_id": "214972213", "timestamp": 1652950360865, "tick_direction": 0, "price": 0.0585, "mark_price": 0.0597414, "iv": 67.8, "instrument_name": "BTC-31MAR23-60000-C", "index_price": 29072.72, "direction": "sell", "amount": 1.9}, {"trade_seq": 155, "trade_id": "214813117", "timestamp": 1652861267975, "tick_direction": 2, "price": 0.058, "mark_price": 0.06045119, "iv": 66.01, "instrument_name": "BTC-31MAR23-60000-C", "index_price": 29837.04, "direction": "sell", "amount": 5.0}, {"trade_seq": 154, "trade_id": "214808947", "timestamp": 1652857347900, "tick_direction": 3, "price": 0.06, "mark_price": 0.05996907, "iv": 66.86, "instrument_name": "BTC-31MAR23-60000-C", "index_price": 29694.04, "direction": "sell", "amount": 0.2}, {"trade_seq": 153, "trade_id": "214808946", "timestamp": 1652857347900, "tick_direction": 2, "price": 0.06, "mark_price": 0.05996907, "iv": 66.86, "instrument_name": "BTC-31MAR23-60000-C", "index_price": 29694.04, "direction": "sell", "amount": 0.2}, {"trade_seq": 152, "trade_id": "214622062", "timestamp": 1652692526078, "tick_direction": 2, "price": 0.0645, "mark_price": 0.06671004, "iv": 68.54, "instrument_name": "BTC-31MAR23-60000-C", "index_price": 29626.43, "direction": "sell", "amount": 0.1}, {"trade_seq": 151, "trade_id": "214569389", "timestamp": 1652655449073, "tick_direction": 0, "price": 0.071, "mark_price": 0.07216043, "iv": 67.82, "instrument_name": "BTC-31MAR23-60000-C", "index_price": 31068.25, "direction": "buy", "amount": 1.0}, {"trade_seq": 150, "trade_id": "214514953", "timestamp": 1652599432606, "tick_direction": 3, "price": 0.0645, "mark_price": 0.06755924, "iv": 67.83, "instrument_name": "BTC-31MAR23-60000-C", "index_price": 29929.2, "direction": "sell", "amount": 4.0}, {"trade_seq": 149, "trade_id": "214502825", "timestamp": 1652577728950, "tick_direction": 2, "price": 0.0645, "mark_price": 0.06738701, "iv": 67.88, "instrument_name": "BTC-31MAR23-60000-C", "index_price": 29851.39, "direction": "sell", "amount": 1.0}, {"trade_seq": 148, "trade_id": "214478046", "timestamp": 1652553219533, "tick_direction": 0, "price": 0.065, "mark_price": 0.06575086, "iv": 68.42, "instrument_name": "BTC-31MAR23-60000-C", "index_price": 29663.49, "direction": "sell", "amount": 0.5}, {"trade_seq": 147, "trade_id": "214469207", "timestamp": 1652548755791, "tick_direction": 0, "price": 0.064, "mark_price": 0.06542791, "iv": 68.61, "instrument_name": "BTC-31MAR23-60000-C", "index_price": 29419.53, "direction": "buy", "amount": 2.5}, {"trade_seq": 146, "trade_id": "214457356", "timestamp": 1652541452874, "tick_direction": 1, "price": 0.063, "mark_price": 0.06431493, "iv": 69.05, "instrument_name": "BTC-31MAR23-60000-C", "index_price": 28971.07, "direction": "buy", "amount": 1.0}, {"trade_seq": 145, "trade_id": "214457148", "timestamp": 1652541176082, "tick_direction": 0, "price": 0.063, "mark_price": 0.06436036, "iv": 69.08, "instrument_name": "BTC-31MAR23-60000-C", "index_price": 28973.0, "direction": "buy", "amount": 1.0}, {"trade_seq": 144, "trade_id": "214448003", "timestamp": 1652530510840, "tick_direction": 2, "price": 0.062, "mark_price": 0.06415201, "iv": 68.8, "instrument_name": "BTC-31MAR23-60000-C", "index_price": 28918.5, "direction": "sell", "amount": 1.0}, {"trade_seq": 143, "trade_id": "214439631", "timestamp": 1652525681548, "tick_direction": 3, "price": 0.065, "mark_price": 0.06405805, "iv": 69.29, "instrument_name": "BTC-31MAR23-60000-C", "index_price": 29221.91, "direction": "sell", "amount": 0.2}, {"trade_seq": 142, "trade_id": "214439630", "timestamp": 1652525681548, "tick_direction": 2, "price": 0.065, "mark_price": 0.06405805, "iv": 69.29, "instrument_name": "BTC-31MAR23-60000-C", "index_price": 29221.91, "direction": "sell", "amount": 0.2}, {"trade_seq": 141, "trade_id": "214430157", "timestamp": 1652514232546, "tick_direction": 2, "price": 0.066, "mark_price": 0.06579668, "iv": 69.25, "instrument_name": "BTC-31MAR23-60000-C", "index_price": 29436.64, "direction": "sell", "amount": 0.1}, {"trade_seq": 140, "trade_id": "214401483", "timestamp": 1652483239720, "tick_direction": 2, "price": 0.069, "mark_price": 0.06908046, "iv": 70.03, "instrument_name": "BTC-31MAR23-60000-C", "index_price": 29519.6, "direction": "sell", "amount": 0.1}, {"trade_seq": 139, "trade_id": "214399278", "timestamp": 1652480898170, "tick_direction": 3, "price": 0.07, "mark_price": 0.07132665, "iv": 69.63, "instrument_name": "BTC-31MAR23-60000-C", "index_price": 29901.6, "direction": "sell", "amount": 0.2}, {"trade_seq": 138, "trade_id": "214399277", "timestamp": 1652480898170, "tick_direction": 2, "price": 0.07, "mark_price": 0.07132665, "iv": 69.63, "instrument_name": "BTC-31MAR23-60000-C", "index_price": 29901.6, "direction": "sell", "amount": 0.1}, {"trade_seq": 137, "trade_id": "214399276", "timestamp": 1652480890061, "tick_direction": 3, "price": 0.071, "mark_price": 0.07133259, "iv": 69.98, "instrument_name": "BTC-31MAR23-60000-C", "index_price": 29898.45, "direction": "sell", "amount": 0.2}, {"trade_seq": 136, "trade_id": "214399171", "timestamp": 1652480745748, "tick_direction": 2, "price": 0.071, "mark_price": 0.07133775, "iv": 70.04, "instrument_name": "BTC-31MAR23-60000-C", "index_price": 29867.77, "direction": "sell", "amount": 0.1}, {"trade_seq": 135, "trade_id": "214398958", "timestamp": 1652480541320, "tick_direction": 2, "price": 0.072, "mark_price": 0.07132777, "iv": 70.34, "instrument_name": "BTC-31MAR23-60000-C", "index_price": 29889.1, "direction": "sell", "amount": 0.2}, {"trade_seq": 134, "trade_id": "214391059", "timestamp": 1652473195028, "tick_direction": 0, "price": 0.0733, "mark_price": 0.07478037, "iv": 70.74, "instrument_name": "BTC-31MAR23-60000-C", "index_price": 29961.98, "direction": "sell", "block_trade_id": "39188", "amount": 25.0}, {"trade_seq": 133, "trade_id": "214344347", "timestamp": 1652453025614, "tick_direction": 2, "price": 0.073, "mark_price": 0.0742486, "iv": 68.79, "instrument_name": "BTC-31MAR23-60000-C", "index_price": 30895.89, "direction": "sell", "amount": 1.0}, {"trade_seq": 132, "trade_id": "214329674", "timestamp": 1652447842742, "tick_direction": 2, "price": 0.075, "mark_price": 0.07731014, "iv": 70.15, "instrument_name": "BTC-31MAR23-60000-C", "index_price": 30472.12, "direction": "sell", "amount": 15.0}, {"trade_seq": 131, "trade_id": "214260939", "timestamp": 1652411660114, "tick_direction": 1, "price": 0.0785, "mark_price": 0.08028271, "iv": 71.52, "instrument_name": "BTC-31MAR23-60000-C", "index_price": 30367.24, "direction": "sell", "amount": 17.0}, {"trade_seq": 130, "trade_id": "214260934", "timestamp": 1652411655778, "tick_direction": 0, "price": 0.0785, "mark_price": 0.08037064, "iv": 71.49, "instrument_name": "BTC-31MAR23-60000-C", "index_price": 30382.26, "direction": "sell", "amount": 33.0}, {"trade_seq": 129, "trade_id": "214150609", "timestamp": 1652369129094, "tick_direction": 2, "price": 0.075, "mark_price": 0.07894986, "iv": 72.63, "instrument_name": "BTC-31MAR23-60000-C", "index_price": 29296.06, "direction": "sell", "block_trade_id": "39058", "amount": 25.0}, {"trade_seq": 128, "trade_id": "214059172", "timestamp": 1652351657631, "tick_direction": 0, "price": 0.0833, "mark_price": 0.08205514, "iv": 78.25, "instrument_name": "BTC-31MAR23-60000-C", "index_price": 27835.32, "direction": "buy", "block_trade_id": "39009", "amount": 15.0}, {"trade_seq": 127, "trade_id": "213794540", "timestamp": 1652322037631, "tick_direction": 1, "price": 0.074, "mark_price": 0.07523852, "iv": 72.06, "instrument_name": "BTC-31MAR23-60000-C", "index_price": 29205.3, "direction": "buy", "amount": 0.1}, {"trade_seq": 126, "trade_id": "213794179", "timestamp": 1652321826997, "tick_direction": 1, "price": 0.074, "mark_price": 0.07528513, "iv": 72.04, "instrument_name": "BTC-31MAR23-60000-C", "index_price": 29228.93, "direction": "buy", "amount": 0.1}, {"trade_seq": 125, "trade_id": "213793814", "timestamp": 1652321696165, "tick_direction": 1, "price": 0.074, "mark_price": 0.07519129, "iv": 72.09, "instrument_name": "BTC-31MAR23-60000-C", "index_price": 29210.52, "direction": "buy", "amount": 0.2}, {"trade_seq": 124, "trade_id": "213793607", "timestamp": 1652321565826, "tick_direction": 0, "price": 0.074, "mark_price": 0.07482792, "iv": 72.21, "instrument_name": "BTC-31MAR23-60000-C", "index_price": 29143.3, "direction": "buy", "amount": 0.1}, {"trade_seq": 123, "trade_id": "213763441", "timestamp": 1652312561324, "tick_direction": 2, "price": 0.07, "mark_price": 0.07742982, "iv": 71.49, "instrument_name": "BTC-31MAR23-60000-C", "index_price": 28824.96, "direction": "buy", "amount": 0.3}, {"trade_seq": 122, "trade_id": "213629673", "timestamp": 1652290866903, "tick_direction": 1, "price": 0.0705, "mark_price": 0.06878595, "iv": 69.94, "instrument_name": "BTC-31MAR23-60000-C", "index_price": 29626.83, "direction": "sell", "amount": 1.0}, {"trade_seq": 121, "trade_id": "213629618", "timestamp": 1652290858124, "tick_direction": 0, "price": 0.0705, "mark_price": 0.06867766, "iv": 69.99, "instrument_name": "BTC-31MAR23-60000-C", "index_price": 29612.12, "direction": "sell", "amount": 1.0}, {"trade_seq": 120, "trade_id": "213629054", "timestamp": 1652290758617, "tick_direction": 2, "price": 0.07, "mark_price": 0.06876956, "iv": 69.67, "instrument_name": "BTC-31MAR23-60000-C", "index_price": 29658.59, "direction": "sell", "amount": 0.6}, {"trade_seq": 119, "trade_id": "213612394", "timestamp": 1652288057316, "tick_direction": 0, "price": 0.0715, "mark_price": 0.07076738, "iv": 68.87, "instrument_name": "BTC-31MAR23-60000-C", "index_price": 30371.77, "direction": "sell", "amount": 0.1}, {"trade_seq": 118, "trade_id": "213612153", "timestamp": 1652287990297, "tick_direction": 3, "price": 0.071, "mark_price": 0.07079402, "iv": 68.62, "instrument_name": "BTC-31MAR23-60000-C", "index_price": 30310.62, "direction": "sell", "amount": 0.9}, {"trade_seq": 117, "trade_id": "213612152", "timestamp": 1652287990297, "tick_direction": 2, "price": 0.071, "mark_price": 0.07079402, "iv": 68.62, "instrument_name": "BTC-31MAR23-60000-C", "index_price": 30310.62, "direction": "sell", "amount": 1.0}, {"trade_seq": 116, "trade_id": "213611532", "timestamp": 1652287888566, "tick_direction": 1, "price": 0.072, "mark_price": 0.07188891, "iv": 68.54, "instrument_name": "BTC-31MAR23-60000-C", "index_price": 30517.72, "direction": "sell", "amount": 1.0}, {"trade_seq": 115, "trade_id": "213604374", "timestamp": 1652285879452, "tick_direction": 0, "price": 0.072, "mark_price": 0.071984, "iv": 68.33, "instrument_name": "BTC-31MAR23-60000-C", "index_price": 30699.27, "direction": "sell", "amount": 1.0}, {"trade_seq": 114, "trade_id": "213603766", "timestamp": 1652285684400, "tick_direction": 2, "price": 0.0715, "mark_price": 0.07205421, "iv": 68.22, "instrument_name": "BTC-31MAR23-60000-C", "index_price": 30669.97, "direction": "sell", "amount": 1.0}, {"trade_seq": 113, "trade_id": "213603744", "timestamp": 1652285667594, "tick_direction": 2, "price": 0.072, "mark_price": 0.07208318, "iv": 68.37, "instrument_name": "BTC-31MAR23-60000-C", "index_price": 30694.8, "direction": "sell", "amount": 1.0}, {"trade_seq": 112, "trade_id": "213432468", "timestamp": 1652270609330, "tick_direction": 2, "price": 0.0725, "mark_price": 0.07276919, "iv": 66.95, "instrument_name": "BTC-31MAR23-60000-C", "index_price": 31512.49, "direction": "buy", "amount": 0.1}, {"trade_seq": 111, "trade_id": "213422740", "timestamp": 1652266542946, "tick_direction": 0, "price": 0.0735, "mark_price": 0.0745051, "iv": 66.27, "instrument_name": "BTC-31MAR23-60000-C", "index_price": 31971.97, "direction": "buy", "amount": 2.5}