{"trades": [{"trade_seq": 2036, "trade_id": "197225315", "timestamp": 1640928993284, "tick_direction": 1, "price": 0.0005, "mark_price": 0.0, "iv": 390.41, "instrument_name": "BTC-31DEC21-54000-C", "index_price": 47262.44, "direction": "buy", "amount": 0.1}, {"trade_seq": 2035, "trade_id": "197186003", "timestamp": 1640897388315, "tick_direction": 1, "price": 0.0005, "mark_price": 2.14e-06, "iv": 179.86, "instrument_name": "BTC-31DEC21-54000-C", "index_price": 47252.94, "direction": "buy", "amount": 9.2}, {"trade_seq": 2034, "trade_id": "197186002", "timestamp": 1640897388315, "tick_direction": 0, "price": 0.0005, "mark_price": 2.14e-06, "iv": 179.86, "instrument_name": "BTC-31DEC21-54000-C", "index_price": 47252.94, "direction": "buy", "amount": 2.0}, {"trade_seq": 2033, "trade_id": "197173062", "timestamp": 1640889107851, "tick_direction": 2, "price": 0.0002, "mark_price": 1.731e-05, "iv": 135.78, "instrument_name": "BTC-31DEC21-54000-C", "index_price": 47707.52, "direction": "sell", "block_trade_id": "28471", "amount": 10.0}, {"trade_seq": 2032, "trade_id": "197149121", "timestamp": 1640874955103, "tick_direction": 3, "price": 0.0005, "mark_price": 4.014e-05, "iv": 142.44, "instrument_name": "BTC-31DEC21-54000-C", "index_price": 47360.74, "direction": "buy", "amount": 1.0}, {"trade_seq": 2031, "trade_id": "197092033", "timestamp": 1640848019520, "tick_direction": 3, "price": 0.0005, "mark_price": 0.00014306, "iv": 124.03, "instrument_name": "BTC-31DEC21-54000-C", "index_price": 47083.4, "direction": "buy", "amount": 3.0}, {"trade_seq": 2030, "trade_id": "197049308", "timestamp": 1640822163964, "tick_direction": 3, "price": 0.0005, "mark_price": 0.00014542, "iv": 119.21, "instrument_name": "BTC-31DEC21-54000-C", "index_price": 46398.89, "direction": "buy", "amount": 8.0}, {"trade_seq": 2029, "trade_id": "197023552", "timestamp": 1640812036148, "tick_direction": 3, "price": 0.0005, "mark_price": 0.00013913, "iv": 101.79, "instrument_name": "BTC-31DEC21-54000-C", "index_price": 47294.48, "direction": "buy", "amount": 1.0}, {"trade_seq": 2028, "trade_id": "197023518", "timestamp": 1640812003649, "tick_direction": 3, "price": 0.0005, "mark_price": 0.00014179, "iv": 101.57, "instrument_name": "BTC-31DEC21-54000-C", "index_price": 47314.16, "direction": "buy", "amount": 5.0}, {"trade_seq": 2027, "trade_id": "196975978", "timestamp": 1640787035213, "tick_direction": 3, "price": 0.0005, "mark_price": 0.00028685, "iv": 90.74, "instrument_name": "BTC-31DEC21-54000-C", "index_price": 47476.89, "direction": "sell", "amount": 0.5}, {"trade_seq": 2026, "trade_id": "196974780", "timestamp": 1640786618244, "tick_direction": 2, "price": 0.0005, "mark_price": 0.00023215, "iv": 91.51, "instrument_name": "BTC-31DEC21-54000-C", "index_price": 47408.98, "direction": "buy", "amount": 5.0}, {"trade_seq": 2025, "trade_id": "196899631", "timestamp": 1640751815445, "tick_direction": 0, "price": 0.001, "mark_price": 0.00063603, "iv": 86.47, "instrument_name": "BTC-31DEC21-54000-C", "index_price": 47899.43, "direction": "buy", "amount": 4.0}, {"trade_seq": 2024, "trade_id": "196895798", "timestamp": 1640748819462, "tick_direction": 3, "price": 0.0005, "mark_price": 0.00069428, "iv": 75.95, "instrument_name": "BTC-31DEC21-54000-C", "index_price": 47939.72, "direction": "buy", "amount": 3.0}, {"trade_seq": 2023, "trade_id": "196895795", "timestamp": 1640748818542, "tick_direction": 3, "price": 0.0005, "mark_price": 0.00069405, "iv": 75.96, "instrument_name": "BTC-31DEC21-54000-C", "index_price": 47941.42, "direction": "sell", "amount": 40.0}, {"trade_seq": 2022, "trade_id": "196895794", "timestamp": 1640748818542, "tick_direction": 3, "price": 0.0005, "mark_price": 0.00069405, "iv": 75.96, "instrument_name": "BTC-31DEC21-54000-C", "index_price": 47941.42, "direction": "sell", "amount": 0.2}, {"trade_seq": 2021, "trade_id": "196895793", "timestamp": 1640748818542, "tick_direction": 3, "price": 0.0005, "mark_price": 0.00069405, "iv": 75.96, "instrument_name": "BTC-31DEC21-54000-C", "index_price": 47941.42, "direction": "sell", "amount": 0.2}, {"trade_seq": 2020, "trade_id": "196895792", "timestamp": 1640748818542, "tick_direction": 3, "price": 0.0005, "mark_price": 0.00069405, "iv": 75.96, "instrument_name": "BTC-31DEC21-54000-C", "index_price": 47941.42, "direction": "sell", "amount": 1.2}, {"trade_seq": 2019, "trade_id": "196895791", "timestamp": 1640748818542, "tick_direction": 3, "price": 0.0005, "mark_price": 0.00069405, "iv": 75.96, "instrument_name": "BTC-31DEC21-54000-C", "index_price": 47941.42, "direction": "sell", "amount": 5.0}, {"trade_seq": 2018, "trade_id": "196895790", "timestamp": 1640748818542, "tick_direction": 3, "price": 0.0005, "mark_price": 0.00069405, "iv": 75.96, "instrument_name": "BTC-31DEC21-54000-C", "index_price": 47941.42, "direction": "sell", "amount": 0.1}, {"trade_seq": 2017, "trade_id": "196895789", "timestamp": 1640748818542, "tick_direction": 3, "price": 0.0005, "mark_price": 0.00069405, "iv": 75.96, "instrument_name": "BTC-31DEC21-54000-C", "index_price": 47941.42, "direction": "sell", "amount": 0.1}, {"trade_seq": 2016, "trade_id": "196895788", "timestamp": 1640748818542, "tick_direction": 3, "price": 0.0005, "mark_price": 0.00069405, "iv": 75.96, "instrument_name": "BTC-31DEC21-54000-C", "index_price": 47941.42, "direction": "sell", "amount": 0.7}, {"trade_seq": 2015, "trade_id": "196895787", "timestamp": 1640748818542, "tick_direction": 3, "price": 0.0005, "mark_price": 0.00069405, "iv": 75.96, "instrument_name": "BTC-31DEC21-54000-C", "index_price": 47941.42, "direction": "sell", "amount": 0.2}, {"trade_seq": 2014, "trade_id": "196895786", "timestamp": 1640748818542, "tick_direction": 2, "price": 0.0005, "mark_price": 0.00069405, "iv": 75.96, "instrument_name": "BTC-31DEC21-54000-C", "index_price": 47941.42, "direction": "sell", "amount": 0.1}, {"trade_seq": 2013, "trade_id": "196873102", "timestamp": 1640729293541, "tick_direction": 2, "price": 0.001, "mark_price": 0.00086625, "iv": 84.48, "instrument_name": "BTC-31DEC21-54000-C", "index_price": 47655.16, "direction": "buy", "amount": 0.1}, {"trade_seq": 2012, "trade_id": "196865966", "timestamp": 1640723466022, "tick_direction": 0, "price": 0.0015, "mark_price": 0.00104725, "iv": 88.08, "instrument_name": "BTC-31DEC21-54000-C", "index_price": 47800.45, "direction": "buy", "amount": 0.4}, {"trade_seq": 2011, "trade_id": "196864367", "timestamp": 1640721977056, "tick_direction": 2, "price": 0.001, "mark_price": 0.00118138, "iv": 83.49, "instrument_name": "BTC-31DEC21-54000-C", "index_price": 47589.56, "direction": "sell", "amount": 2.0}, {"trade_seq": 2010, "trade_id": "196863479", "timestamp": 1640721412843, "tick_direction": 0, "price": 0.0015, "mark_price": 0.00116107, "iv": 88.58, "instrument_name": "BTC-31DEC21-54000-C", "index_price": 47719.97, "direction": "buy", "amount": 2.0}, {"trade_seq": 2009, "trade_id": "196844393", "timestamp": 1640713342570, "tick_direction": 2, "price": 0.001, "mark_price": 0.00121691, "iv": 79.02, "instrument_name": "BTC-31DEC21-54000-C", "index_price": 47859.77, "direction": "sell", "amount": 0.1}, {"trade_seq": 2008, "trade_id": "196838058", "timestamp": 1640712682576, "tick_direction": 1, "price": 0.0015, "mark_price": 0.00111936, "iv": 82.93, "instrument_name": "BTC-31DEC21-54000-C", "index_price": 48055.67, "direction": "buy", "amount": 0.1}, {"trade_seq": 2007, "trade_id": "196835632", "timestamp": 1640712172052, "tick_direction": 1, "price": 0.0015, "mark_price": 0.00117837, "iv": 80.73, "instrument_name": "BTC-31DEC21-54000-C", "index_price": 48216.33, "direction": "buy", "amount": 3.5}, {"trade_seq": 2006, "trade_id": "196833818", "timestamp": 1640711203646, "tick_direction": 1, "price": 0.0015, "mark_price": 0.00117457, "iv": 77.0, "instrument_name": "BTC-31DEC21-54000-C", "index_price": 48530.02, "direction": "buy", "amount": 0.1}, {"trade_seq": 2005, "trade_id": "196833529", "timestamp": 1640711036577, "tick_direction": 0, "price": 0.0015, "mark_price": 0.00123933, "iv": 76.33, "instrument_name": "BTC-31DEC21-54000-C", "index_price": 48593.99, "direction": "buy", "amount": 0.3}, {"trade_seq": 2004, "trade_id": "196829461", "timestamp": 1640709576512, "tick_direction": 3, "price": 0.001, "mark_price": 0.00126641, "iv": 71.24, "instrument_name": "BTC-31DEC21-54000-C", "index_price": 48497.02, "direction": "sell", "amount": 2.0}, {"trade_seq": 2003, "trade_id": "196826956", "timestamp": 1640709025709, "tick_direction": 3, "price": 0.001, "mark_price": 0.00122718, "iv": 72.64, "instrument_name": "BTC-31DEC21-54000-C", "index_price": 48359.06, "direction": "sell", "amount": 17.3}, {"trade_seq": 2002, "trade_id": "196826955", "timestamp": 1640709025709, "tick_direction": 3, "price": 0.001, "mark_price": 0.00122718, "iv": 72.64, "instrument_name": "BTC-31DEC21-54000-C", "index_price": 48359.06, "direction": "sell", "amount": 3.6}, {"trade_seq": 2001, "trade_id": "196826954", "timestamp": 1640709025709, "tick_direction": 3, "price": 0.001, "mark_price": 0.00122718, "iv": 72.64, "instrument_name": "BTC-31DEC21-54000-C", "index_price": 48359.06, "direction": "sell", "amount": 1.0}, {"trade_seq": 2000, "trade_id": "196826953", "timestamp": 1640709025709, "tick_direction": 3, "price": 0.001, "mark_price": 0.00122718, "iv": 72.64, "instrument_name": "BTC-31DEC21-54000-C", "index_price": 48359.06, "direction": "sell", "amount": 0.5}, {"trade_seq": 1999, "trade_id": "196826952", "timestamp": 1640709025709, "tick_direction": 3, "price": 0.001, "mark_price": 0.00122718, "iv": 72.64, "instrument_name": "BTC-31DEC21-54000-C", "index_price": 48359.06, "direction": "sell", "amount": 3.0}, {"trade_seq": 1998, "trade_id": "196826951", "timestamp": 1640709025709, "tick_direction": 3, "price": 0.001, "mark_price": 0.00122718, "iv": 72.64, "instrument_name": "BTC-31DEC21-54000-C", "index_price": 48359.06, "direction": "sell", "amount": 2.0}, {"trade_seq": 1997, "trade_id": "196826950", "timestamp": 1640709025709, "tick_direction": 2, "price": 0.001, "mark_price": 0.00122718, "iv": 72.64, "instrument_name": "BTC-31DEC21-54000-C", "index_price": 48359.06, "direction": "sell", "amount": 0.1}, {"trade_seq": 1996, "trade_id": "196817116", "timestamp": 1640707188423, "tick_direction": 2, "price": 0.0014, "mark_price": 0.00175814, "iv": 69.87, "instrument_name": "BTC-31DEC21-54000-C", "index_price": 48979.32, "direction": "sell", "block_trade_id": "28325", "amount": 12.5}, {"trade_seq": 1995, "trade_id": "196815894", "timestamp": 1640706726032, "tick_direction": 3, "price": 0.0015, "mark_price": 0.00175834, "iv": 70.92, "instrument_name": "BTC-31DEC21-54000-C", "index_price": 48977.45, "direction": "sell", "amount": 2.8}, {"trade_seq": 1994, "trade_id": "196815893", "timestamp": 1640706726032, "tick_direction": 2, "price": 0.0015, "mark_price": 0.00175834, "iv": 70.92, "instrument_name": "BTC-31DEC21-54000-C", "index_price": 48977.45, "direction": "sell", "amount": 2.2}, {"trade_seq": 1993, "trade_id": "196811305", "timestamp": 1640704752401, "tick_direction": 2, "price": 0.002, "mark_price": 0.00206703, "iv": 75.44, "instrument_name": "BTC-31DEC21-54000-C", "index_price": 48951.35, "direction": "sell", "amount": 0.9}, {"trade_seq": 1992, "trade_id": "196808921", "timestamp": 1640704382978, "tick_direction": 0, "price": 0.0025, "mark_price": 0.00192919, "iv": 78.03, "instrument_name": "BTC-31DEC21-54000-C", "index_price": 49072.17, "direction": "buy", "amount": 0.4}, {"trade_seq": 1991, "trade_id": "196794206", "timestamp": 1640702111690, "tick_direction": 3, "price": 0.002, "mark_price": 0.00184773, "iv": 74.61, "instrument_name": "BTC-31DEC21-54000-C", "index_price": 48995.43, "direction": "buy", "amount": 1.2}, {"trade_seq": 1990, "trade_id": "196789081", "timestamp": 1640699961682, "tick_direction": 3, "price": 0.002, "mark_price": 0.00212335, "iv": 74.02, "instrument_name": "BTC-31DEC21-54000-C", "index_price": 49023.33, "direction": "sell", "amount": 1.0}, {"trade_seq": 1989, "trade_id": "196789080", "timestamp": 1640699961682, "tick_direction": 3, "price": 0.002, "mark_price": 0.00212335, "iv": 74.02, "instrument_name": "BTC-31DEC21-54000-C", "index_price": 49023.33, "direction": "sell", "amount": 1.3}, {"trade_seq": 1988, "trade_id": "196775259", "timestamp": 1640691569482, "tick_direction": 2, "price": 0.002, "mark_price": 0.00222947, "iv": 71.12, "instrument_name": "BTC-31DEC21-54000-C", "index_price": 49168.36, "direction": "sell", "amount": 0.1}, {"trade_seq": 1987, "trade_id": "196774625", "timestamp": 1640690818271, "tick_direction": 1, "price": 0.0025, "mark_price": 0.00225034, "iv": 74.84, "instrument_name": "BTC-31DEC21-54000-C", "index_price": 49167.34, "direction": "buy", "amount": 4.9}, {"trade_seq": 1986, "trade_id": "196774624", "timestamp": 1640690818271, "tick_direction": 0, "price": 0.0025, "mark_price": 0.00225034, "iv": 74.84, "instrument_name": "BTC-31DEC21-54000-C", "index_price": 49167.34, "direction": "buy", "amount": 0.1}, {"trade_seq": 1985, "trade_id": "196755846", "timestamp": 1640685068424, "tick_direction": 3, "price": 0.002, "mark_price": 0.00209603, "iv": 70.81, "instrument_name": "BTC-31DEC21-54000-C", "index_price": 49112.54, "direction": "sell", "amount": 0.1}, {"trade_seq": 1984, "trade_id": "196747101", "timestamp": 1640680755909, "tick_direction": 3, "price": 0.002, "mark_price": 0.00247785, "iv": 67.22, "instrument_name": "BTC-31DEC21-54000-C", "index_price": 49394.56, "direction": "sell", "amount": 1.0}, {"trade_seq": 1983, "trade_id": "196747100", "timestamp": 1640680755909, "tick_direction": 3, "price": 0.002, "mark_price": 0.00247785, "iv": 67.22, "instrument_name": "BTC-31DEC21-54000-C", "index_price": 49394.56, "direction": "sell", "amount": 1.0}, {"trade_seq": 1982, "trade_id": "196747099", "timestamp": 1640680755909, "tick_direction": 3, "price": 0.002, "mark_price": 0.00247785, "iv": 67.22, "instrument_name": "BTC-31DEC21-54000-C", "index_price": 49394.56, "direction": "sell", "amount": 1.0}, {"trade_seq": 1981, "trade_id": "196747098", "timestamp": 1640680755909, "tick_direction": 2, "price": 0.002, "mark_price": 0.00247785, "iv": 67.22, "instrument_name": "BTC-31DEC21-54000-C", "index_price": 49394.56, "direction": "sell", "amount": 1.0}, {"trade_seq": 1980, "trade_id": "196746604", "timestamp": 1640680353270, "tick_direction": 1, "price": 0.003, "mark_price": 0.00256175, "iv": 73.94, "instrument_name": "BTC-31DEC21-54000-C", "index_price": 49409.9, "direction": "buy", "amount": 2.0}, {"trade_seq": 1979, "trade_id": "196746603", "timestamp": 1640680353270, "tick_direction": 1, "price": 0.003, "mark_price": 0.00256175, "iv": 73.94, "instrument_name": "BTC-31DEC21-54000-C", "index_price": 49409.9, "direction": "buy", "amount": 0.2}, {"trade_seq": 1978, "trade_id": "196746602", "timestamp": 1640680353270, "tick_direction": 0, "price": 0.003, "mark_price": 0.00256175, "iv": 73.94, "instrument_name": "BTC-31DEC21-54000-C", "index_price": 49409.9, "direction": "buy", "amount": 2.8}, {"trade_seq": 1977, "trade_id": "196742132", "timestamp": 1640677874581, "tick_direction": 3, "price": 0.002, "mark_price": 0.00227292, "iv": 68.85, "instrument_name": "BTC-31DEC21-54000-C", "index_price": 49209.1, "direction": "sell", "amount": 0.1}, {"trade_seq": 1976, "trade_id": "196742131", "timestamp": 1640677874581, "tick_direction": 2, "price": 0.002, "mark_price": 0.00227292, "iv": 68.85, "instrument_name": "BTC-31DEC21-54000-C", "index_price": 49209.1, "direction": "sell", "amount": 1.0}, {"trade_seq": 1975, "trade_id": "196735356", "timestamp": 1640673923975, "tick_direction": 3, "price": 0.0025, "mark_price": 0.00220921, "iv": 71.13, "instrument_name": "BTC-31DEC21-54000-C", "index_price": 49277.58, "direction": "buy", "amount": 0.2}, {"trade_seq": 1974, "trade_id": "196726548", "timestamp": 1640668104322, "tick_direction": 3, "price": 0.0025, "mark_price": 0.00228913, "iv": 71.95, "instrument_name": "BTC-31DEC21-54000-C", "index_price": 49148.03, "direction": "sell", "amount": 0.8}, {"trade_seq": 1973, "trade_id": "196726544", "timestamp": 1640668100634, "tick_direction": 3, "price": 0.0025, "mark_price": 0.00227185, "iv": 72.02, "instrument_name": "BTC-31DEC21-54000-C", "index_price": 49140.91, "direction": "buy", "amount": 0.1}, {"trade_seq": 1972, "trade_id": "196711937", "timestamp": 1640665148199, "tick_direction": 2, "price": 0.0025, "mark_price": 0.00214366, "iv": 72.05, "instrument_name": "BTC-31DEC21-54000-C", "index_price": 49077.97, "direction": "sell", "amount": 0.6}, {"trade_seq": 1971, "trade_id": "196711805", "timestamp": 1640665140836, "tick_direction": 3, "price": 0.003, "mark_price": 0.00216262, "iv": 75.14, "instrument_name": "BTC-31DEC21-54000-C", "index_price": 49139.61, "direction": "buy", "amount": 0.5}, {"trade_seq": 1970, "trade_id": "196711804", "timestamp": 1640665140836, "tick_direction": 3, "price": 0.003, "mark_price": 0.00216262, "iv": 75.14, "instrument_name": "BTC-31DEC21-54000-C", "index_price": 49139.61, "direction": "buy", "amount": 0.5}, {"trade_seq": 1969, "trade_id": "196706666", "timestamp": 1640664292828, "tick_direction": 2, "price": 0.003, "mark_price": 0.0030208, "iv": 68.51, "instrument_name": "BTC-31DEC21-54000-C", "index_price": 49661.51, "direction": "sell", "amount": 0.5}, {"trade_seq": 1968, "trade_id": "196706526", "timestamp": 1640664255629, "tick_direction": 0, "price": 0.0035, "mark_price": 0.00297413, "iv": 71.54, "instrument_name": "BTC-31DEC21-54000-C", "index_price": 49663.6, "direction": "buy", "amount": 0.5}, {"trade_seq": 1967, "trade_id": "196701438", "timestamp": 1640662384326, "tick_direction": 2, "price": 0.0025, "mark_price": 0.00299141, "iv": 66.59, "instrument_name": "BTC-31DEC21-54000-C", "index_price": 49544.46, "direction": "sell", "amount": 0.4}, {"trade_seq": 1966, "trade_id": "196701335", "timestamp": 1640662333213, "tick_direction": 2, "price": 0.0035, "mark_price": 0.00301649, "iv": 72.56, "instrument_name": "BTC-31DEC21-54000-C", "index_price": 49562.53, "direction": "buy", "amount": 0.8}, {"trade_seq": 1965, "trade_id": "196692000", "timestamp": 1640657851764, "tick_direction": 0, "price": 0.004, "mark_price": 0.00375743, "iv": 73.2, "instrument_name": "BTC-31DEC21-54000-C", "index_price": 49685.98, "direction": "buy", "amount": 5.0}, {"trade_seq": 1964, "trade_id": "196691253", "timestamp": 1640657546522, "tick_direction": 3, "price": 0.0035, "mark_price": 0.00399231, "iv": 68.45, "instrument_name": "BTC-31DEC21-54000-C", "index_price": 49841.14, "direction": "sell", "amount": 0.1}, {"trade_seq": 1963, "trade_id": "196691252", "timestamp": 1640657546522, "tick_direction": 3, "price": 0.0035, "mark_price": 0.00399231, "iv": 68.45, "instrument_name": "BTC-31DEC21-54000-C", "index_price": 49841.14, "direction": "sell", "amount": 0.1}, {"trade_seq": 1962, "trade_id": "196691022", "timestamp": 1640657331679, "tick_direction": 3, "price": 0.0035, "mark_price": 0.00390995, "iv": 68.53, "instrument_name": "BTC-31DEC21-54000-C", "index_price": 49835.09, "direction": "sell", "amount": 0.7}, {"trade_seq": 1961, "trade_id": "196691021", "timestamp": 1640657331679, "tick_direction": 2, "price": 0.0035, "mark_price": 0.00390995, "iv": 68.53, "instrument_name": "BTC-31DEC21-54000-C", "index_price": 49835.09, "direction": "sell", "amount": 0.1}, {"trade_seq": 1960, "trade_id": "196686148", "timestamp": 1640655934270, "tick_direction": 3, "price": 0.004, "mark_price": 0.00401108, "iv": 72.72, "instrument_name": "BTC-31DEC21-54000-C", "index_price": 49678.64, "direction": "sell", "amount": 0.6}, {"trade_seq": 1959, "trade_id": "196686145", "timestamp": 1640655934225, "tick_direction": 3, "price": 0.004, "mark_price": 0.00401108, "iv": 72.16, "instrument_name": "BTC-31DEC21-54000-C", "index_price": 49691.25, "direction": "sell", "amount": 2.1}, {"trade_seq": 1958, "trade_id": "196686126", "timestamp": 1640655934166, "tick_direction": 3, "price": 0.004, "mark_price": 0.00401108, "iv": 72.16, "instrument_name": "BTC-31DEC21-54000-C", "index_price": 49691.25, "direction": "sell", "amount": 12.9}, {"trade_seq": 1957, "trade_id": "196686119", "timestamp": 1640655934130, "tick_direction": 3, "price": 0.004, "mark_price": 0.00401108, "iv": 72.16, "instrument_name": "BTC-31DEC21-54000-C", "index_price": 49691.25, "direction": "sell", "amount": 3.0}, {"trade_seq": 1956, "trade_id": "196686117", "timestamp": 1640655934059, "tick_direction": 3, "price": 0.004, "mark_price": 0.00401108, "iv": 72.16, "instrument_name": "BTC-31DEC21-54000-C", "index_price": 49691.25, "direction": "sell", "amount": 2.4}, {"trade_seq": 1955, "trade_id": "196686112", "timestamp": 1640655933948, "tick_direction": 3, "price": 0.004, "mark_price": 0.00401108, "iv": 72.16, "instrument_name": "BTC-31DEC21-54000-C", "index_price": 49691.25, "direction": "sell", "amount": 8.9}, {"trade_seq": 1954, "trade_id": "196686105", "timestamp": 1640655933789, "tick_direction": 3, "price": 0.004, "mark_price": 0.00401108, "iv": 72.16, "instrument_name": "BTC-31DEC21-54000-C", "index_price": 49691.25, "direction": "sell", "amount": 11.9}, {"trade_seq": 1953, "trade_id": "196686091", "timestamp": 1640655933563, "tick_direction": 3, "price": 0.004, "mark_price": 0.00402213, "iv": 72.16, "instrument_name": "BTC-31DEC21-54000-C", "index_price": 49691.25, "direction": "sell", "amount": 14.1}, {"trade_seq": 1952, "trade_id": "196686088", "timestamp": 1640655933512, "tick_direction": 3, "price": 0.004, "mark_price": 0.00402213, "iv": 72.16, "instrument_name": "BTC-31DEC21-54000-C", "index_price": 49691.25, "direction": "sell", "amount": 2.8}, {"trade_seq": 1951, "trade_id": "196686057", "timestamp": 1640655933113, "tick_direction": 3, "price": 0.004, "mark_price": 0.00402213, "iv": 72.1, "instrument_name": "BTC-31DEC21-54000-C", "index_price": 49735.22, "direction": "sell", "amount": 6.3}, {"trade_seq": 1950, "trade_id": "196685795", "timestamp": 1640655930502, "tick_direction": 2, "price": 0.004, "mark_price": 0.00404194, "iv": 72.05, "instrument_name": "BTC-31DEC21-54000-C", "index_price": 49733.92, "direction": "sell", "amount": 15.0}, {"trade_seq": 1949, "trade_id": "196670875", "timestamp": 1640651529962, "tick_direction": 2, "price": 0.005, "mark_price": 0.00539921, "iv": 70.42, "instrument_name": "BTC-31DEC21-54000-C", "index_price": 50225.04, "direction": "buy", "amount": 6.8}, {"trade_seq": 1948, "trade_id": "196662938", "timestamp": 1640649728900, "tick_direction": 3, "price": 0.007, "mark_price": 0.00758791, "iv": 72.19, "instrument_name": "BTC-31DEC21-54000-C", "index_price": 50664.78, "direction": "sell", "amount": 0.9}, {"trade_seq": 1947, "trade_id": "196662937", "timestamp": 1640649728900, "tick_direction": 2, "price": 0.007, "mark_price": 0.00758791, "iv": 72.19, "instrument_name": "BTC-31DEC21-54000-C", "index_price": 50664.78, "direction": "sell", "amount": 0.1}, {"trade_seq": 1946, "trade_id": "196662691", "timestamp": 1640649424666, "tick_direction": 3, "price": 0.0075, "mark_price": 0.00805471, "iv": 73.32, "instrument_name": "BTC-31DEC21-54000-C", "index_price": 50725.56, "direction": "buy", "amount": 4.8}, {"trade_seq": 1945, "trade_id": "196662690", "timestamp": 1640649424659, "tick_direction": 3, "price": 0.0075, "mark_price": 0.00805471, "iv": 73.32, "instrument_name": "BTC-31DEC21-54000-C", "index_price": 50725.56, "direction": "buy", "amount": 3.4}, {"trade_seq": 1944, "trade_id": "196662689", "timestamp": 1640649424655, "tick_direction": 3, "price": 0.0075, "mark_price": 0.00805471, "iv": 73.32, "instrument_name": "BTC-31DEC21-54000-C", "index_price": 50725.56, "direction": "buy", "amount": 4.2}, {"trade_seq": 1943, "trade_id": "196662688", "timestamp": 1640649424651, "tick_direction": 3, "price": 0.0075, "mark_price": 0.00805471, "iv": 73.32, "instrument_name": "BTC-31DEC21-54000-C", "index_price": 50725.56, "direction": "sell", "amount": 2.1}, {"trade_seq": 1942, "trade_id": "196662687", "timestamp": 1640649424651, "tick_direction": 3, "price": 0.0075, "mark_price": 0.00805471, "iv": 73.32, "instrument_name": "BTC-31DEC21-54000-C", "index_price": 50725.56, "direction": "sell", "amount": 0.2}, {"trade_seq": 1941, "trade_id": "196662686", "timestamp": 1640649424651, "tick_direction": 3, "price": 0.0075, "mark_price": 0.00805471, "iv": 73.32, "instrument_name": "BTC-31DEC21-54000-C", "index_price": 50725.56, "direction": "sell", "amount": 21.7}, {"trade_seq": 1940, "trade_id": "196662685", "timestamp": 1640649421448, "tick_direction": 3, "price": 0.0075, "mark_price": 0.00805787, "iv": 73.31, "instrument_name": "BTC-31DEC21-54000-C", "index_price": 50726.04, "direction": "sell", "amount": 21.7}, {"trade_seq": 1939, "trade_id": "196662684", "timestamp": 1640649421448, "tick_direction": 3, "price": 0.0075, "mark_price": 0.00805787, "iv": 73.31, "instrument_name": "BTC-31DEC21-54000-C", "index_price": 50726.04, "direction": "sell", "amount": 0.1}, {"trade_seq": 1938, "trade_id": "196662683", "timestamp": 1640649421448, "tick_direction": 3, "price": 0.0075, "mark_price": 0.00805787, "iv": 73.31, "instrument_name": "BTC-31DEC21-54000-C", "index_price": 50726.04, "direction": "sell", "amount": 2.2}, {"trade_seq": 1937, "trade_id": "196662682", "timestamp": 1640649421448, "tick_direction": 3, "price": 0.0075, "mark_price": 0.00805787, "iv": 73.31, "instrument_name": "BTC-31DEC21-54000-C", "index_price": 50726.04, "direction": "sell", "amount": 12.0}, {"trade_seq": 1936, "trade_id": "196662681", "timestamp": 1640649421448, "tick_direction": 3, "price": 0.0075, "mark_price": 0.00805787, "iv": 73.31, "instrument_name": "BTC-31DEC21-54000-C", "index_price": 50726.04, "direction": "sell", "amount": 0.2}, {"trade_seq": 1935, "trade_id": "196662680", "timestamp": 1640649421448, "tick_direction": 2, "price": 0.0075, "mark_price": 0.00805787, "iv": 73.31, "instrument_name": "BTC-31DEC21-54000-C", "index_price": 50726.04, "direction": "sell", "amount": 5.5}, {"trade_seq": 1934, "trade_id": "196661187", "timestamp": 1640648144022, "tick_direction": 3, "price": 0.0085, "mark_price": 0.00803526, "iv": 75.77, "instrument_name": "BTC-31DEC21-54000-C", "index_price": 50795.89, "direction": "buy", "amount": 2.4}, {"trade_seq": 1933, "trade_id": "196661186", "timestamp": 1640648144022, "tick_direction": 3, "price": 0.0085, "mark_price": 0.00803526, "iv": 75.77, "instrument_name": "BTC-31DEC21-54000-C", "index_price": 50795.89, "direction": "buy", "amount": 13.5}, {"trade_seq": 1932, "trade_id": "196660557", "timestamp": 1640647539403, "tick_direction": 3, "price": 0.0085, "mark_price": 0.00891826, "iv": 73.97, "instrument_name": "BTC-31DEC21-54000-C", "index_price": 50914.27, "direction": "buy", "amount": 3.1}, {"trade_seq": 1931, "trade_id": "196660544", "timestamp": 1640647533968, "tick_direction": 3, "price": 0.0085, "mark_price": 0.00887401, "iv": 74.18, "instrument_name": "BTC-31DEC21-54000-C", "index_price": 50912.04, "direction": "buy", "amount": 8.4}, {"trade_seq": 1930, "trade_id": "196660543", "timestamp": 1640647533968, "tick_direction": 3, "price": 0.0085, "mark_price": 0.00887401, "iv": 74.18, "instrument_name": "BTC-31DEC21-54000-C", "index_price": 50912.04, "direction": "buy", "amount": 6.6}, {"trade_seq": 1929, "trade_id": "196660504", "timestamp": 1640647522591, "tick_direction": 3, "price": 0.0085, "mark_price": 0.00875761, "iv": 74.55, "instrument_name": "BTC-31DEC21-54000-C", "index_price": 50874.75, "direction": "buy", "amount": 1.6}, {"trade_seq": 1928, "trade_id": "196660467", "timestamp": 1640647505222, "tick_direction": 3, "price": 0.0085, "mark_price": 0.00874052, "iv": 74.85, "instrument_name": "BTC-31DEC21-54000-C", "index_price": 50849.69, "direction": "sell", "amount": 0.1}, {"trade_seq": 1927, "trade_id": "196660466", "timestamp": 1640647505222, "tick_direction": 3, "price": 0.0085, "mark_price": 0.00874052, "iv": 74.85, "instrument_name": "BTC-31DEC21-54000-C", "index_price": 50849.69, "direction": "sell", "amount": 4.7}, {"trade_seq": 1926, "trade_id": "196660465", "timestamp": 1640647505222, "tick_direction": 2, "price": 0.0085, "mark_price": 0.00874052, "iv": 74.85, "instrument_name": "BTC-31DEC21-54000-C", "index_price": 50849.69, "direction": "sell", "amount": 12.0}, {"trade_seq": 1925, "trade_id": "196658353", "timestamp": 1640645912464, "tick_direction": 1, "price": 0.0095, "mark_price": 0.00924075, "iv": 76.36, "instrument_name": "BTC-31DEC21-54000-C", "index_price": 50960.47, "direction": "buy", "amount": 3.7}, {"trade_seq": 1924, "trade_id": "196658352", "timestamp": 1640645912464, "tick_direction": 0, "price": 0.0095, "mark_price": 0.00924075, "iv": 76.36, "instrument_name": "BTC-31DEC21-54000-C", "index_price": 50960.47, "direction": "buy", "amount": 1.9}, {"trade_seq": 1923, "trade_id": "196657803", "timestamp": 1640645371874, "tick_direction": 3, "price": 0.009, "mark_price": 0.00918123, "iv": 74.99, "instrument_name": "BTC-31DEC21-54000-C", "index_price": 50934.81, "direction": "buy", "amount": 0.1}, {"trade_seq": 1922, "trade_id": "196657794", "timestamp": 1640645369628, "tick_direction": 3, "price": 0.009, "mark_price": 0.0091803, "iv": 75.0, "instrument_name": "BTC-31DEC21-54000-C", "index_price": 50933.33, "direction": "buy", "amount": 2.3}, {"trade_seq": 1921, "trade_id": "196657793", "timestamp": 1640645369623, "tick_direction": 3, "price": 0.009, "mark_price": 0.0091803, "iv": 75.0, "instrument_name": "BTC-31DEC21-54000-C", "index_price": 50933.33, "direction": "buy", "amount": 20.0}, {"trade_seq": 1920, "trade_id": "196657719", "timestamp": 1640645317382, "tick_direction": 2, "price": 0.009, "mark_price": 0.00907465, "iv": 75.65, "instrument_name": "BTC-31DEC21-54000-C", "index_price": 50884.93, "direction": "buy", "amount": 2.6}, {"trade_seq": 1919, "trade_id": "196654687", "timestamp": 1640643888190, "tick_direction": 1, "price": 0.0105, "mark_price": 0.01048812, "iv": 75.47, "instrument_name": "BTC-31DEC21-54000-C", "index_price": 51217.99, "direction": "buy", "amount": 3.3}, {"trade_seq": 1918, "trade_id": "196654626", "timestamp": 1640643803724, "tick_direction": 0, "price": 0.0105, "mark_price": 0.01042614, "iv": 75.9, "instrument_name": "BTC-31DEC21-54000-C", "index_price": 51197.94, "direction": "buy", "amount": 3.1}, {"trade_seq": 1917, "trade_id": "196653542", "timestamp": 1640642438673, "tick_direction": 3, "price": 0.01, "mark_price": 0.00981748, "iv": 76.8, "instrument_name": "BTC-31DEC21-54000-C", "index_price": 51014.38, "direction": "buy", "amount": 14.4}, {"trade_seq": 1916, "trade_id": "196653096", "timestamp": 1640642205822, "tick_direction": 2, "price": 0.01, "mark_price": 0.00970037, "iv": 77.45, "instrument_name": "BTC-31DEC21-54000-C", "index_price": 50973.25, "direction": "buy", "amount": 0.2}, {"trade_seq": 1915, "trade_id": "196650779", "timestamp": 1640640884520, "tick_direction": 3, "price": 0.011, "mark_price": 0.01129207, "iv": 76.14, "instrument_name": "BTC-31DEC21-54000-C", "index_price": 51262.49, "direction": "sell", "amount": 1.7}, {"trade_seq": 1914, "trade_id": "196650778", "timestamp": 1640640884520, "tick_direction": 3, "price": 0.011, "mark_price": 0.01129207, "iv": 76.14, "instrument_name": "BTC-31DEC21-54000-C", "index_price": 51262.49, "direction": "sell", "amount": 3.3}, {"trade_seq": 1913, "trade_id": "196650483", "timestamp": 1640640251262, "tick_direction": 3, "price": 0.011, "mark_price": 0.01116494, "iv": 76.28, "instrument_name": "BTC-31DEC21-54000-C", "index_price": 51239.03, "direction": "sell", "amount": 0.2}, {"trade_seq": 1912, "trade_id": "196650482", "timestamp": 1640640251262, "tick_direction": 3, "price": 0.011, "mark_price": 0.01116494, "iv": 76.28, "instrument_name": "BTC-31DEC21-54000-C", "index_price": 51239.03, "direction": "sell", "amount": 2.9}, {"trade_seq": 1911, "trade_id": "196650481", "timestamp": 1640640251262, "tick_direction": 3, "price": 0.011, "mark_price": 0.01116494, "iv": 76.28, "instrument_name": "BTC-31DEC21-54000-C", "index_price": 51239.03, "direction": "sell", "amount": 0.1}, {"trade_seq": 1910, "trade_id": "196650432", "timestamp": 1640640154807, "tick_direction": 3, "price": 0.011, "mark_price": 0.0111347, "iv": 76.26, "instrument_name": "BTC-31DEC21-54000-C", "index_price": 51242.33, "direction": "sell", "amount": 2.0}, {"trade_seq": 1909, "trade_id": "196650296", "timestamp": 1640639972847, "tick_direction": 2, "price": 0.011, "mark_price": 0.01085684, "iv": 76.45, "instrument_name": "BTC-31DEC21-54000-C", "index_price": 51216.12, "direction": "sell", "amount": 0.1}, {"trade_seq": 1908, "trade_id": "196633417", "timestamp": 1640628835882, "tick_direction": 2, "price": 0.012, "mark_price": 0.01191615, "iv": 69.42, "instrument_name": "BTC-31DEC21-54000-C", "index_price": 51810.82, "direction": "buy", "amount": 0.2}, {"trade_seq": 1907, "trade_id": "196631557", "timestamp": 1640627355032, "tick_direction": 1, "price": 0.0135, "mark_price": 0.0134012, "iv": 69.62, "instrument_name": "BTC-31DEC21-54000-C", "index_price": 52052.3, "direction": "buy", "amount": 0.1}, {"trade_seq": 1906, "trade_id": "196631556", "timestamp": 1640627355032, "tick_direction": 0, "price": 0.0135, "mark_price": 0.0134012, "iv": 69.62, "instrument_name": "BTC-31DEC21-54000-C", "index_price": 52052.3, "direction": "buy", "amount": 0.1}, {"trade_seq": 1905, "trade_id": "196630498", "timestamp": 1640627075356, "tick_direction": 0, "price": 0.013, "mark_price": 0.0130194, "iv": 69.35, "instrument_name": "BTC-31DEC21-54000-C", "index_price": 51981.26, "direction": "buy", "amount": 0.2}, {"trade_seq": 1904, "trade_id": "196629911", "timestamp": 1640626726750, "tick_direction": 2, "price": 0.0125, "mark_price": 0.01235151, "iv": 69.08, "instrument_name": "BTC-31DEC21-54000-C", "index_price": 51906.05, "direction": "buy", "amount": 0.3}, {"trade_seq": 1903, "trade_id": "196629458", "timestamp": 1640626599460, "tick_direction": 0, "price": 0.013, "mark_price": 0.01281623, "iv": 69.18, "instrument_name": "BTC-31DEC21-54000-C", "index_price": 51976.89, "direction": "buy", "amount": 0.1}, {"trade_seq": 1902, "trade_id": "196629098", "timestamp": 1640626513597, "tick_direction": 1, "price": 0.0125, "mark_price": 0.01229878, "iv": 68.53, "instrument_name": "BTC-31DEC21-54000-C", "index_price": 51917.25, "direction": "buy", "amount": 0.1}, {"trade_seq": 1901, "trade_id": "196629087", "timestamp": 1640626513399, "tick_direction": 1, "price": 0.0125, "mark_price": 0.01229878, "iv": 68.53, "instrument_name": "BTC-31DEC21-54000-C", "index_price": 51917.25, "direction": "buy", "amount": 4.1}, {"trade_seq": 1900, "trade_id": "196629070", "timestamp": 1640626513267, "tick_direction": 0, "price": 0.0125, "mark_price": 0.01229878, "iv": 68.82, "instrument_name": "BTC-31DEC21-54000-C", "index_price": 51917.25, "direction": "buy", "amount": 2.2}, {"trade_seq": 1899, "trade_id": "196628221", "timestamp": 1640626238961, "tick_direction": 0, "price": 0.012, "mark_price": 0.01175578, "iv": 68.73, "instrument_name": "BTC-31DEC21-54000-C", "index_price": 51832.52, "direction": "buy", "amount": 0.1}, {"trade_seq": 1898, "trade_id": "196625175", "timestamp": 1640625291242, "tick_direction": 0, "price": 0.0105, "mark_price": 0.01033629, "iv": 68.02, "instrument_name": "BTC-31DEC21-54000-C", "index_price": 51566.54, "direction": "buy", "amount": 1.0}, {"trade_seq": 1897, "trade_id": "196623946", "timestamp": 1640623157442, "tick_direction": 3, "price": 0.0095, "mark_price": 0.00972141, "iv": 67.04, "instrument_name": "BTC-31DEC21-54000-C", "index_price": 51406.88, "direction": "buy", "amount": 0.1}, {"trade_seq": 1896, "trade_id": "196623936", "timestamp": 1640623152981, "tick_direction": 2, "price": 0.0095, "mark_price": 0.0096752, "iv": 67.25, "instrument_name": "BTC-31DEC21-54000-C", "index_price": 51392.47, "direction": "buy", "amount": 0.1}, {"trade_seq": 1895, "trade_id": "196618933", "timestamp": 1640618348850, "tick_direction": 2, "price": 0.0105, "mark_price": 0.01057543, "iv": 67.69, "instrument_name": "BTC-31DEC21-54000-C", "index_price": 51519.74, "direction": "buy", "amount": 0.1}, {"trade_seq": 1894, "trade_id": "196618041", "timestamp": 1640617570921, "tick_direction": 1, "price": 0.0115, "mark_price": 0.01124921, "iv": 68.25, "instrument_name": "BTC-31DEC21-54000-C", "index_price": 51674.45, "direction": "buy", "amount": 0.8}, {"trade_seq": 1893, "trade_id": "196618040", "timestamp": 1640617570921, "tick_direction": 0, "price": 0.0115, "mark_price": 0.01124921, "iv": 68.25, "instrument_name": "BTC-31DEC21-54000-C", "index_price": 51674.45, "direction": "buy", "amount": 0.2}, {"trade_seq": 1892, "trade_id": "196615988", "timestamp": 1640616429289, "tick_direction": 1, "price": 0.0105, "mark_price": 0.01079506, "iv": 66.55, "instrument_name": "BTC-31DEC21-54000-C", "index_price": 51605.69, "direction": "sell", "amount": 0.2}, {"trade_seq": 1891, "trade_id": "196614649", "timestamp": 1640616063487, "tick_direction": 1, "price": 0.0105, "mark_price": 0.01058391, "iv": 66.32, "instrument_name": "BTC-31DEC21-54000-C", "index_price": 51622.32, "direction": "buy", "amount": 9.4}, {"trade_seq": 1890, "trade_id": "196614647", "timestamp": 1640616063466, "tick_direction": 1, "price": 0.0105, "mark_price": 0.01058391, "iv": 66.32, "instrument_name": "BTC-31DEC21-54000-C", "index_price": 51622.32, "direction": "buy", "amount": 2.1}, {"trade_seq": 1889, "trade_id": "196614631", "timestamp": 1640616062887, "tick_direction": 1, "price": 0.0105, "mark_price": 0.01058526, "iv": 66.95, "instrument_name": "BTC-31DEC21-54000-C", "index_price": 51615.91, "direction": "buy", "amount": 1.8}, {"trade_seq": 1888, "trade_id": "196614618", "timestamp": 1640616062192, "tick_direction": 1, "price": 0.0105, "mark_price": 0.01056624, "iv": 67.01, "instrument_name": "BTC-31DEC21-54000-C", "index_price": 51573.75, "direction": "buy", "amount": 1.4}, {"trade_seq": 1887, "trade_id": "196614606", "timestamp": 1640616062010, "tick_direction": 1, "price": 0.0105, "mark_price": 0.01056624, "iv": 67.01, "instrument_name": "BTC-31DEC21-54000-C", "index_price": 51573.75, "direction": "buy", "amount": 4.3}, {"trade_seq": 1886, "trade_id": "196614599", "timestamp": 1640616061886, "tick_direction": 1, "price": 0.0105, "mark_price": 0.01056624, "iv": 67.01, "instrument_name": "BTC-31DEC21-54000-C", "index_price": 51573.75, "direction": "buy", "amount": 0.1}, {"trade_seq": 1885, "trade_id": "196614597", "timestamp": 1640616061807, "tick_direction": 1, "price": 0.0105, "mark_price": 0.01056624, "iv": 67.01, "instrument_name": "BTC-31DEC21-54000-C", "index_price": 51573.75, "direction": "buy", "amount": 1.4}, {"trade_seq": 1884, "trade_id": "196614583", "timestamp": 1640616061715, "tick_direction": 0, "price": 0.0105, "mark_price": 0.01056624, "iv": 67.01, "instrument_name": "BTC-31DEC21-54000-C", "index_price": 51573.75, "direction": "buy", "amount": 1.2}, {"trade_seq": 1883, "trade_id": "196614011", "timestamp": 1640615869285, "tick_direction": 0, "price": 0.01, "mark_price": 0.01009573, "iv": 66.91, "instrument_name": "BTC-31DEC21-54000-C", "index_price": 51467.06, "direction": "buy", "amount": 1.0}, {"trade_seq": 1882, "trade_id": "196613302", "timestamp": 1640615438483, "tick_direction": 2, "price": 0.0095, "mark_price": 0.00948451, "iv": 67.64, "instrument_name": "BTC-31DEC21-54000-C", "index_price": 51333.01, "direction": "buy", "amount": 1.0}, {"trade_seq": 1881, "trade_id": "196612167", "timestamp": 1640614868181, "tick_direction": 0, "price": 0.0105, "mark_price": 0.01058257, "iv": 67.14, "instrument_name": "BTC-31DEC21-54000-C", "index_price": 51559.38, "direction": "buy", "amount": 1.7}, {"trade_seq": 1880, "trade_id": "196611461", "timestamp": 1640614691384, "tick_direction": 1, "price": 0.01, "mark_price": 0.00999629, "iv": 67.26, "instrument_name": "BTC-31DEC21-54000-C", "index_price": 51448.61, "direction": "buy", "amount": 0.2}, {"trade_seq": 1879, "trade_id": "196611388", "timestamp": 1640614664122, "tick_direction": 1, "price": 0.01, "mark_price": 0.01003447, "iv": 67.22, "instrument_name": "BTC-31DEC21-54000-C", "index_price": 51447.78, "direction": "buy", "amount": 0.1}, {"trade_seq": 1878, "trade_id": "196611334", "timestamp": 1640614626520, "tick_direction": 1, "price": 0.01, "mark_price": 0.00997311, "iv": 67.54, "instrument_name": "BTC-31DEC21-54000-C", "index_price": 51428.14, "direction": "buy", "amount": 0.1}, {"trade_seq": 1877, "trade_id": "196611332", "timestamp": 1640614626493, "tick_direction": 1, "price": 0.01, "mark_price": 0.00997311, "iv": 67.54, "instrument_name": "BTC-31DEC21-54000-C", "index_price": 51428.14, "direction": "buy", "amount": 1.1}, {"trade_seq": 1876, "trade_id": "196609616", "timestamp": 1640613371359, "tick_direction": 1, "price": 0.01, "mark_price": 0.00986204, "iv": 68.83, "instrument_name": "BTC-31DEC21-54000-C", "index_price": 51346.8, "direction": "sell", "amount": 4.0}, {"trade_seq": 1875, "trade_id": "196609615", "timestamp": 1640613371359, "tick_direction": 1, "price": 0.01, "mark_price": 0.00986204, "iv": 68.83, "instrument_name": "BTC-31DEC21-54000-C", "index_price": 51346.8, "direction": "sell", "amount": 6.0}, {"trade_seq": 1874, "trade_id": "196609496", "timestamp": 1640613314880, "tick_direction": 1, "price": 0.01, "mark_price": 0.00981814, "iv": 68.66, "instrument_name": "BTC-31DEC21-54000-C", "index_price": 51337.69, "direction": "sell", "amount": 17.0}, {"trade_seq": 1873, "trade_id": "196609495", "timestamp": 1640613314877, "tick_direction": 1, "price": 0.01, "mark_price": 0.00981814, "iv": 68.66, "instrument_name": "BTC-31DEC21-54000-C", "index_price": 51337.69, "direction": "sell", "amount": 17.0}, {"trade_seq": 1872, "trade_id": "196609191", "timestamp": 1640613126517, "tick_direction": 1, "price": 0.01, "mark_price": 0.00958446, "iv": 68.11, "instrument_name": "BTC-31DEC21-54000-C", "index_price": 51367.92, "direction": "sell", "amount": 16.9}, {"trade_seq": 1871, "trade_id": "196609187", "timestamp": 1640613105407, "tick_direction": 1, "price": 0.01, "mark_price": 0.00951725, "iv": 68.2, "instrument_name": "BTC-31DEC21-54000-C", "index_price": 51364.83, "direction": "buy", "amount": 3.3}, {"trade_seq": 1870, "trade_id": "196609185", "timestamp": 1640613101157, "tick_direction": 1, "price": 0.01, "mark_price": 0.00949223, "iv": 68.26, "instrument_name": "BTC-31DEC21-54000-C", "index_price": 51361.7, "direction": "buy", "amount": 6.2}, {"trade_seq": 1869, "trade_id": "196609176", "timestamp": 1640613092797, "tick_direction": 1, "price": 0.01, "mark_price": 0.00946577, "iv": 68.34, "instrument_name": "BTC-31DEC21-54000-C", "index_price": 51355.99, "direction": "buy", "amount": 0.1}, {"trade_seq": 1868, "trade_id": "196609175", "timestamp": 1640613092797, "tick_direction": 1, "price": 0.01, "mark_price": 0.00946577, "iv": 68.34, "instrument_name": "BTC-31DEC21-54000-C", "index_price": 51355.99, "direction": "buy", "amount": 3.5}, {"trade_seq": 1867, "trade_id": "196609174", "timestamp": 1640613092797, "tick_direction": 1, "price": 0.01, "mark_price": 0.00946577, "iv": 68.34, "instrument_name": "BTC-31DEC21-54000-C", "index_price": 51355.99, "direction": "buy", "amount": 3.0}, {"trade_seq": 1866, "trade_id": "196609173", "timestamp": 1640613092797, "tick_direction": 1, "price": 0.01, "mark_price": 0.00946577, "iv": 68.34, "instrument_name": "BTC-31DEC21-54000-C", "index_price": 51355.99, "direction": "buy", "amount": 12.0}, {"trade_seq": 1865, "trade_id": "196609172", "timestamp": 1640613092797, "tick_direction": 1, "price": 0.01, "mark_price": 0.00946577, "iv": 68.34, "instrument_name": "BTC-31DEC21-54000-C", "index_price": 51355.99, "direction": "buy", "amount": 7.0}, {"trade_seq": 1864, "trade_id": "196609171", "timestamp": 1640613092797, "tick_direction": 1, "price": 0.01, "mark_price": 0.00946577, "iv": 68.34, "instrument_name": "BTC-31DEC21-54000-C", "index_price": 51355.99, "direction": "buy", "amount": 2.2}, {"trade_seq": 1863, "trade_id": "196609170", "timestamp": 1640613092797, "tick_direction": 0, "price": 0.01, "mark_price": 0.00946577, "iv": 68.34, "instrument_name": "BTC-31DEC21-54000-C", "index_price": 51355.99, "direction": "buy", "amount": 0.5}, {"trade_seq": 1862, "trade_id": "196609061", "timestamp": 1640613022115, "tick_direction": 1, "price": 0.0095, "mark_price": 0.00905056, "iv": 67.72, "instrument_name": "BTC-31DEC21-54000-C", "index_price": 51297.24, "direction": "buy", "amount": 5.7}, {"trade_seq": 1861, "trade_id": "196609060", "timestamp": 1640613022115, "tick_direction": 0, "price": 0.0095, "mark_price": 0.00905056, "iv": 67.72, "instrument_name": "BTC-31DEC21-54000-C", "index_price": 51297.24, "direction": "buy", "amount": 0.1}, {"trade_seq": 1860, "trade_id": "196608715", "timestamp": 1640612684046, "tick_direction": 1, "price": 0.009, "mark_price": 0.00904433, "iv": 66.2, "instrument_name": "BTC-31DEC21-54000-C", "index_price": 51269.92, "direction": "sell", "amount": 0.3}, {"trade_seq": 1859, "trade_id": "196608229", "timestamp": 1640612301238, "tick_direction": 1, "price": 0.009, "mark_price": 0.0089863, "iv": 66.04, "instrument_name": "BTC-31DEC21-54000-C", "index_price": 51293.65, "direction": "sell", "amount": 0.1}, {"trade_seq": 1858, "trade_id": "196605640", "timestamp": 1640611539434, "tick_direction": 0, "price": 0.009, "mark_price": 0.00891948, "iv": 65.62, "instrument_name": "BTC-31DEC21-54000-C", "index_price": 51307.76, "direction": "buy", "amount": 0.5}, {"trade_seq": 1857, "trade_id": "196605228", "timestamp": 1640611503410, "tick_direction": 1, "price": 0.0085, "mark_price": 0.00833294, "iv": 65.98, "instrument_name": "BTC-31DEC21-54000-C", "index_price": 51205.65, "direction": "buy", "amount": 0.1}, {"trade_seq": 1856, "trade_id": "196603206", "timestamp": 1640610327816, "tick_direction": 0, "price": 0.0085, "mark_price": 0.00839659, "iv": 64.89, "instrument_name": "BTC-31DEC21-54000-C", "index_price": 51236.42, "direction": "buy", "amount": 0.2}, {"trade_seq": 1855, "trade_id": "196602965", "timestamp": 1640610153059, "tick_direction": 1, "price": 0.008, "mark_price": 0.00831874, "iv": 63.92, "instrument_name": "BTC-31DEC21-54000-C", "index_price": 51196.82, "direction": "sell", "amount": 0.1}, {"trade_seq": 1854, "trade_id": "196602811", "timestamp": 1640609957500, "tick_direction": 0, "price": 0.008, "mark_price": 0.00822514, "iv": 64.21, "instrument_name": "BTC-31DEC21-54000-C", "index_price": 51163.52, "direction": "sell", "amount": 0.1}, {"trade_seq": 1853, "trade_id": "196593622", "timestamp": 1640601689354, "tick_direction": 0, "price": 0.007, "mark_price": 0.0071872, "iv": 65.56, "instrument_name": "BTC-31DEC21-54000-C", "index_price": 50744.14, "direction": "buy", "amount": 0.2}, {"trade_seq": 1852, "trade_id": "196591206", "timestamp": 1640598225042, "tick_direction": 3, "price": 0.0065, "mark_price": 0.00705546, "iv": 64.47, "instrument_name": "BTC-31DEC21-54000-C", "index_price": 50667.37, "direction": "sell", "amount": 0.5}, {"trade_seq": 1851, "trade_id": "196591045", "timestamp": 1640597975278, "tick_direction": 2, "price": 0.0065, "mark_price": 0.00703165, "iv": 64.61, "instrument_name": "BTC-31DEC21-54000-C", "index_price": 50660.19, "direction": "sell", "amount": 0.2}, {"trade_seq": 1850, "trade_id": "196590379", "timestamp": 1640597502898, "tick_direction": 2, "price": 0.007, "mark_price": 0.00719051, "iv": 66.19, "instrument_name": "BTC-31DEC21-54000-C", "index_price": 50670.13, "direction": "sell", "amount": 0.3}, {"trade_seq": 1849, "trade_id": "196587207", "timestamp": 1640593348253, "tick_direction": 3, "price": 0.0075, "mark_price": 0.0079327, "iv": 65.2, "instrument_name": "BTC-31DEC21-54000-C", "index_price": 50838.18, "direction": "sell", "amount": 0.2}, {"trade_seq": 1848, "trade_id": "196586787", "timestamp": 1640592749954, "tick_direction": 2, "price": 0.0075, "mark_price": 0.00776153, "iv": 65.75, "instrument_name": "BTC-31DEC21-54000-C", "index_price": 50811.56, "direction": "buy", "amount": 0.1}, {"trade_seq": 1847, "trade_id": "196584704", "timestamp": 1640590974208, "tick_direction": 2, "price": 0.008, "mark_price": 0.00799152, "iv": 67.15, "instrument_name": "BTC-31DEC21-54000-C", "index_price": 50821.49, "direction": "sell", "amount": 0.1}, {"trade_seq": 1846, "trade_id": "196576412", "timestamp": 1640582018088, "tick_direction": 1, "price": 0.009, "mark_price": 0.00872846, "iv": 67.69, "instrument_name": "BTC-31DEC21-54000-C", "index_price": 50955.2, "direction": "buy", "amount": 6.5}, {"trade_seq": 1845, "trade_id": "196576411", "timestamp": 1640582018088, "tick_direction": 1, "price": 0.009, "mark_price": 0.00872846, "iv": 67.69, "instrument_name": "BTC-31DEC21-54000-C", "index_price": 50955.2, "direction": "buy", "amount": 2.7}, {"trade_seq": 1844, "trade_id": "196576410", "timestamp": 1640582018088, "tick_direction": 0, "price": 0.009, "mark_price": 0.00872846, "iv": 67.69, "instrument_name": "BTC-31DEC21-54000-C", "index_price": 50955.2, "direction": "buy", "amount": 0.2}, {"trade_seq": 1843, "trade_id": "196576290", "timestamp": 1640581911324, "tick_direction": 2, "price": 0.0085, "mark_price": 0.0086805, "iv": 66.27, "instrument_name": "BTC-31DEC21-54000-C", "index_price": 50949.52, "direction": "sell", "amount": 0.6}, {"trade_seq": 1842, "trade_id": "196574384", "timestamp": 1640579924769, "tick_direction": 1, "price": 0.009, "mark_price": 0.00879861, "iv": 67.79, "instrument_name": "BTC-31DEC21-54000-C", "index_price": 50946.4, "direction": "buy", "amount": 2.5}, {"trade_seq": 1841, "trade_id": "196574383", "timestamp": 1640579924769, "tick_direction": 1, "price": 0.009, "mark_price": 0.00879861, "iv": 67.79, "instrument_name": "BTC-31DEC21-54000-C", "index_price": 50946.4, "direction": "buy", "amount": 0.2}, {"trade_seq": 1840, "trade_id": "196574278", "timestamp": 1640579547842, "tick_direction": 1, "price": 0.009, "mark_price": 0.00888667, "iv": 67.35, "instrument_name": "BTC-31DEC21-54000-C", "index_price": 50976.52, "direction": "sell", "amount": 0.4}, {"trade_seq": 1839, "trade_id": "196574238", "timestamp": 1640579509543, "tick_direction": 1, "price": 0.009, "mark_price": 0.0088031, "iv": 67.54, "instrument_name": "BTC-31DEC21-54000-C", "index_price": 50969.3, "direction": "sell", "amount": 0.9}, {"trade_seq": 1838, "trade_id": "196568907", "timestamp": 1640574870318, "tick_direction": 0, "price": 0.009, "mark_price": 0.0089606, "iv": 66.86, "instrument_name": "BTC-31DEC21-54000-C", "index_price": 50962.88, "direction": "sell", "amount": 0.1}, {"trade_seq": 1837, "trade_id": "196567108", "timestamp": 1640571968111, "tick_direction": 1, "price": 0.008, "mark_price": 0.00841069, "iv": 66.11, "instrument_name": "BTC-31DEC21-54000-C", "index_price": 50768.57, "direction": "sell", "amount": 0.3}, {"trade_seq": 1836, "trade_id": "196567107", "timestamp": 1640571966238, "tick_direction": 1, "price": 0.008, "mark_price": 0.00841327, "iv": 66.12, "instrument_name": "BTC-31DEC21-54000-C", "index_price": 50768.13, "direction": "sell", "amount": 0.3}, {"trade_seq": 1835, "trade_id": "196567106", "timestamp": 1640571963261, "tick_direction": 1, "price": 0.008, "mark_price": 0.0084167, "iv": 66.11, "instrument_name": "BTC-31DEC21-54000-C", "index_price": 50768.22, "direction": "sell", "amount": 0.3}, {"trade_seq": 1834, "trade_id": "196567063", "timestamp": 1640571865638, "tick_direction": 1, "price": 0.008, "mark_price": 0.00842485, "iv": 66.28, "instrument_name": "BTC-31DEC21-54000-C", "index_price": 50759.51, "direction": "sell", "amount": 0.3}, {"trade_seq": 1833, "trade_id": "196565795", "timestamp": 1640569484412, "tick_direction": 0, "price": 0.008, "mark_price": 0.008009, "iv": 67.21, "instrument_name": "BTC-31DEC21-54000-C", "index_price": 50678.74, "direction": "buy", "amount": 0.5}, {"trade_seq": 1832, "trade_id": "196565106", "timestamp": 1640567934577, "tick_direction": 3, "price": 0.0075, "mark_price": 0.0079758, "iv": 66.64, "instrument_name": "BTC-31DEC21-54000-C", "index_price": 50569.72, "direction": "buy", "amount": 2.8}, {"trade_seq": 1831, "trade_id": "196565105", "timestamp": 1640567934574, "tick_direction": 3, "price": 0.0075, "mark_price": 0.0079758, "iv": 66.64, "instrument_name": "BTC-31DEC21-54000-C", "index_price": 50569.72, "direction": "sell", "amount": 0.1}, {"trade_seq": 1830, "trade_id": "196565104", "timestamp": 1640567934574, "tick_direction": 3, "price": 0.0075, "mark_price": 0.0079758, "iv": 66.64, "instrument_name": "BTC-31DEC21-54000-C", "index_price": 50569.72, "direction": "sell", "amount": 2.1}, {"trade_seq": 1829, "trade_id": "196564957", "timestamp": 1640567752915, "tick_direction": 2, "price": 0.0075, "mark_price": 0.00769987, "iv": 67.6, "instrument_name": "BTC-31DEC21-54000-C", "index_price": 50493.01, "direction": "sell", "amount": 2.9}, {"trade_seq": 1828, "trade_id": "196559457", "timestamp": 1640563668166, "tick_direction": 2, "price": 0.008, "mark_price": 0.00869986, "iv": 64.8, "instrument_name": "BTC-31DEC21-54000-C", "index_price": 50817.04, "direction": "sell", "amount": 0.1}, {"trade_seq": 1827, "trade_id": "196554399", "timestamp": 1640558558024, "tick_direction": 1, "price": 0.011, "mark_price": 0.01087069, "iv": 68.18, "instrument_name": "BTC-31DEC21-54000-C", "index_price": 51201.17, "direction": "sell", "amount": 0.1}, {"trade_seq": 1826, "trade_id": "196554268", "timestamp": 1640558423769, "tick_direction": 1, "price": 0.011, "mark_price": 0.01086239, "iv": 68.0, "instrument_name": "BTC-31DEC21-54000-C", "index_price": 51226.03, "direction": "buy", "amount": 4.8}, {"trade_seq": 1825, "trade_id": "196554223", "timestamp": 1640558415578, "tick_direction": 0, "price": 0.011, "mark_price": 0.01086274, "iv": 68.0, "instrument_name": "BTC-31DEC21-54000-C", "index_price": 51229.92, "direction": "buy", "amount": 4.2}, {"trade_seq": 1824, "trade_id": "196553142", "timestamp": 1640558250636, "tick_direction": 0, "price": 0.0105, "mark_price": 0.01016687, "iv": 68.7, "instrument_name": "BTC-31DEC21-54000-C", "index_price": 51051.84, "direction": "buy", "amount": 4.6}, {"trade_seq": 1823, "trade_id": "196551494", "timestamp": 1640556279796, "tick_direction": 0, "price": 0.0095, "mark_price": 0.00941168, "iv": 67.7, "instrument_name": "BTC-31DEC21-54000-C", "index_price": 50906.22, "direction": "buy", "amount": 0.1}, {"trade_seq": 1822, "trade_id": "196535615", "timestamp": 1640544838825, "tick_direction": 2, "price": 0.0075, "mark_price": 0.00768931, "iv": 69.01, "instrument_name": "BTC-31DEC21-54000-C", "index_price": 50237.5, "direction": "sell", "amount": 0.1}, {"trade_seq": 1821, "trade_id": "196535187", "timestamp": 1640543498105, "tick_direction": 1, "price": 0.008, "mark_price": 0.00773816, "iv": 69.91, "instrument_name": "BTC-31DEC21-54000-C", "index_price": 50267.29, "direction": "buy", "amount": 0.4}, {"trade_seq": 1820, "trade_id": "196535186", "timestamp": 1640543498105, "tick_direction": 1, "price": 0.008, "mark_price": 0.00773816, "iv": 69.91, "instrument_name": "BTC-31DEC21-54000-C", "index_price": 50267.29, "direction": "buy", "amount": 0.6}, {"trade_seq": 1819, "trade_id": "196533458", "timestamp": 1640541022810, "tick_direction": 1, "price": 0.008, "mark_price": 0.00793508, "iv": 68.57, "instrument_name": "BTC-31DEC21-54000-C", "index_price": 50365.11, "direction": "buy", "amount": 5.0}, {"trade_seq": 1818, "trade_id": "196532443", "timestamp": 1640539414695, "tick_direction": 0, "price": 0.008, "mark_price": 0.0080698, "iv": 69.14, "instrument_name": "BTC-31DEC21-54000-C", "index_price": 50297.14, "direction": "sell", "amount": 0.5}, {"trade_seq": 1817, "trade_id": "196529233", "timestamp": 1640534593867, "tick_direction": 1, "price": 0.0075, "mark_price": 0.00737233, "iv": 69.11, "instrument_name": "BTC-31DEC21-54000-C", "index_price": 50158.52, "direction": "buy", "amount": 0.1}, {"trade_seq": 1816, "trade_id": "196528375", "timestamp": 1640533544602, "tick_direction": 1, "price": 0.0075, "mark_price": 0.00768085, "iv": 68.75, "instrument_name": "BTC-31DEC21-54000-C", "index_price": 50152.76, "direction": "sell", "amount": 0.1}, {"trade_seq": 1815, "trade_id": "196528374", "timestamp": 1640533544602, "tick_direction": 0, "price": 0.0075, "mark_price": 0.00768085, "iv": 68.75, "instrument_name": "BTC-31DEC21-54000-C", "index_price": 50152.76, "direction": "sell", "amount": 0.2}, {"trade_seq": 1814, "trade_id": "196525381", "timestamp": 1640531791972, "tick_direction": 0, "price": 0.007, "mark_price": 0.00699993, "iv": 68.3, "instrument_name": "BTC-31DEC21-54000-C", "index_price": 50055.45, "direction": "buy", "amount": 1.0}, {"trade_seq": 1813, "trade_id": "196523599", "timestamp": 1640529897519, "tick_direction": 2, "price": 0.006, "mark_price": 0.00659483, "iv": 66.62, "instrument_name": "BTC-31DEC21-54000-C", "index_price": 49858.1, "direction": "sell", "amount": 0.5}, {"trade_seq": 1812, "trade_id": "196522346", "timestamp": 1640527435434, "tick_direction": 1, "price": 0.007, "mark_price": 0.00663987, "iv": 69.59, "instrument_name": "BTC-31DEC21-54000-C", "index_price": 49878.93, "direction": "buy", "amount": 2.7}, {"trade_seq": 1811, "trade_id": "196522343", "timestamp": 1640527428926, "tick_direction": 0, "price": 0.007, "mark_price": 0.00663721, "iv": 69.59, "instrument_name": "BTC-31DEC21-54000-C", "index_price": 49880.27, "direction": "buy", "amount": 2.0}, {"trade_seq": 1810, "trade_id": "196518986", "timestamp": 1640520411925, "tick_direction": 2, "price": 0.006, "mark_price": 0.00668396, "iv": 65.79, "instrument_name": "BTC-31DEC21-54000-C", "index_price": 49865.19, "direction": "sell", "amount": 0.9}, {"trade_seq": 1809, "trade_id": "196517863", "timestamp": 1640519665757, "tick_direction": 3, "price": 0.0065, "mark_price": 0.00654646, "iv": 68.96, "instrument_name": "BTC-31DEC21-54000-C", "index_price": 49741.39, "direction": "buy", "amount": 1.0}, {"trade_seq": 1808, "trade_id": "196514491", "timestamp": 1640519239415, "tick_direction": 2, "price": 0.0065, "mark_price": 0.00624938, "iv": 69.2, "instrument_name": "BTC-31DEC21-54000-C", "index_price": 49710.56, "direction": "sell", "amount": 1.0}, {"trade_seq": 1807, "trade_id": "196508210", "timestamp": 1640512123995, "tick_direction": 2, "price": 0.007, "mark_price": 0.00751859, "iv": 65.32, "instrument_name": "BTC-31DEC21-54000-C", "index_price": 50144.26, "direction": "sell", "amount": 0.1}, {"trade_seq": 1806, "trade_id": "196504631", "timestamp": 1640507006458, "tick_direction": 0, "price": 0.0075, "mark_price": 0.00789962, "iv": 67.02, "instrument_name": "BTC-31DEC21-54000-C", "index_price": 50105.12, "direction": "sell", "amount": 0.2}, {"trade_seq": 1805, "trade_id": "196503762", "timestamp": 1640506270938, "tick_direction": 3, "price": 0.007, "mark_price": 0.00745264, "iv": 66.56, "instrument_name": "BTC-31DEC21-54000-C", "index_price": 49982.48, "direction": "sell", "amount": 0.8}, {"trade_seq": 1804, "trade_id": "196503761", "timestamp": 1640506270938, "tick_direction": 2, "price": 0.007, "mark_price": 0.00745264, "iv": 66.56, "instrument_name": "BTC-31DEC21-54000-C", "index_price": 49982.48, "direction": "sell", "amount": 0.2}, {"trade_seq": 1803, "trade_id": "196502223", "timestamp": 1640505155438, "tick_direction": 1, "price": 0.0075, "mark_price": 0.00768643, "iv": 68.51, "instrument_name": "BTC-31DEC21-54000-C", "index_price": 49964.02, "direction": "sell", "amount": 0.5}, {"trade_seq": 1802, "trade_id": "196502222", "timestamp": 1640505151872, "tick_direction": 1, "price": 0.0075, "mark_price": 0.00768552, "iv": 68.52, "instrument_name": "BTC-31DEC21-54000-C", "index_price": 49963.95, "direction": "sell", "amount": 0.3}, {"trade_seq": 1801, "trade_id": "196502221", "timestamp": 1640505151872, "tick_direction": 1, "price": 0.0075, "mark_price": 0.00768552, "iv": 68.52, "instrument_name": "BTC-31DEC21-54000-C", "index_price": 49963.95, "direction": "sell", "amount": 0.2}, {"trade_seq": 1800, "trade_id": "196499388", "timestamp": 1640500844949, "tick_direction": 0, "price": 0.0075, "mark_price": 0.00756503, "iv": 69.11, "instrument_name": "BTC-31DEC21-54000-C", "index_price": 49899.48, "direction": "sell", "amount": 0.1}, {"trade_seq": 1799, "trade_id": "196498407", "timestamp": 1640497812821, "tick_direction": 3, "price": 0.007, "mark_price": 0.00746165, "iv": 66.8, "instrument_name": "BTC-31DEC21-54000-C", "index_price": 49928.58, "direction": "sell", "amount": 3.9}, {"trade_seq": 1798, "trade_id": "196498406", "timestamp": 1640497812821, "tick_direction": 3, "price": 0.007, "mark_price": 0.00746165, "iv": 66.8, "instrument_name": "BTC-31DEC21-54000-C", "index_price": 49928.58, "direction": "sell", "amount": 0.1}, {"trade_seq": 1797, "trade_id": "196498405", "timestamp": 1640497812821, "tick_direction": 2, "price": 0.007, "mark_price": 0.00746165, "iv": 66.8, "instrument_name": "BTC-31DEC21-54000-C", "index_price": 49928.58, "direction": "sell", "amount": 1.0}, {"trade_seq": 1796, "trade_id": "196498095", "timestamp": 1640497093535, "tick_direction": 1, "price": 0.008, "mark_price": 0.00770644, "iv": 69.6, "instrument_name": "BTC-31DEC21-54000-C", "index_price": 49970.56, "direction": "buy", "amount": 0.1}, {"trade_seq": 1795, "trade_id": "196497392", "timestamp": 1640495771723, "tick_direction": 0, "price": 0.008, "mark_price": 0.00757611, "iv": 69.98, "instrument_name": "BTC-31DEC21-54000-C", "index_price": 49925.89, "direction": "buy", "amount": 0.1}, {"trade_seq": 1794, "trade_id": "196496107", "timestamp": 1640493010408, "tick_direction": 2, "price": 0.0075, "mark_price": 0.00726562, "iv": 70.45, "instrument_name": "BTC-31DEC21-54000-C", "index_price": 49723.21, "direction": "sell", "amount": 0.1}, {"trade_seq": 1793, "trade_id": "196486897", "timestamp": 1640488222717, "tick_direction": 3, "price": 0.008, "mark_price": 0.00842465, "iv": 68.37, "instrument_name": "BTC-31DEC21-54000-C", "index_price": 49993.54, "direction": "sell", "amount": 0.1}, {"trade_seq": 1792, "trade_id": "196486896", "timestamp": 1640488222717, "tick_direction": 2, "price": 0.008, "mark_price": 0.00842465, "iv": 68.37, "instrument_name": "BTC-31DEC21-54000-C", "index_price": 49993.54, "direction": "sell", "amount": 0.5}, {"trade_seq": 1791, "trade_id": "196485398", "timestamp": 1640487565370, "tick_direction": 2, "price": 0.0085, "mark_price": 0.00873917, "iv": 68.99, "instrument_name": "BTC-31DEC21-54000-C", "index_price": 50081.79, "direction": "sell", "amount": 1.0}, {"trade_seq": 1790, "trade_id": "196475072", "timestamp": 1640480428484, "tick_direction": 3, "price": 0.0115, "mark_price": 0.0115042, "iv": 73.59, "instrument_name": "BTC-31DEC21-54000-C", "index_price": 50382.35, "direction": "sell", "amount": 1.3}, {"trade_seq": 1789, "trade_id": "196475064", "timestamp": 1640480417823, "tick_direction": 3, "price": 0.0115, "mark_price": 0.01162994, "iv": 73.24, "instrument_name": "BTC-31DEC21-54000-C", "index_price": 50399.1, "direction": "sell", "amount": 1.3}, {"trade_seq": 1788, "trade_id": "196474941", "timestamp": 1640480329344, "tick_direction": 3, "price": 0.0115, "mark_price": 0.0116282, "iv": 73.05, "instrument_name": "BTC-31DEC21-54000-C", "index_price": 50420.77, "direction": "sell", "amount": 0.3}, {"trade_seq": 1787, "trade_id": "196474938", "timestamp": 1640480329319, "tick_direction": 3, "price": 0.0115, "mark_price": 0.0116282, "iv": 73.05, "instrument_name": "BTC-31DEC21-54000-C", "index_price": 50420.77, "direction": "sell", "amount": 1.3}, {"trade_seq": 1786, "trade_id": "196474891", "timestamp": 1640480308519, "tick_direction": 3, "price": 0.0115, "mark_price": 0.01163444, "iv": 72.99, "instrument_name": "BTC-31DEC21-54000-C", "index_price": 50422.14, "direction": "sell", "amount": 2.5}, {"trade_seq": 1785, "trade_id": "196474775", "timestamp": 1640480068386, "tick_direction": 2, "price": 0.0115, "mark_price": 0.01159088, "iv": 72.83, "instrument_name": "BTC-31DEC21-54000-C", "index_price": 50433.58, "direction": "sell", "amount": 1.3}, {"trade_seq": 1784, "trade_id": "196472753", "timestamp": 1640478597996, "tick_direction": 0, "price": 0.012, "mark_price": 0.01187214, "iv": 72.51, "instrument_name": "BTC-31DEC21-54000-C", "index_price": 50558.82, "direction": "buy", "amount": 1.0}, {"trade_seq": 1783, "trade_id": "196470658", "timestamp": 1640476747334, "tick_direction": 2, "price": 0.0115, "mark_price": 0.01111213, "iv": 72.55, "instrument_name": "BTC-31DEC21-54000-C", "index_price": 50445.98, "direction": "buy", "amount": 0.1}, {"trade_seq": 1782, "trade_id": "196465106", "timestamp": 1640472330283, "tick_direction": 2, "price": 0.012, "mark_price": 0.0120932, "iv": 70.15, "instrument_name": "BTC-31DEC21-54000-C", "index_price": 50714.95, "direction": "sell", "amount": 3.5}, {"trade_seq": 1781, "trade_id": "196453363", "timestamp": 1640457682428, "tick_direction": 2, "price": 0.0135, "mark_price": 0.01350265, "iv": 69.29, "instrument_name": "BTC-31DEC21-54000-C", "index_price": 50972.16, "direction": "buy", "amount": 0.1}, {"trade_seq": 1780, "trade_id": "196452745", "timestamp": 1640457355863, "tick_direction": 0, "price": 0.014, "mark_price": 0.01376022, "iv": 68.54, "instrument_name": "BTC-31DEC21-54000-C", "index_price": 51109.46, "direction": "buy", "amount": 5.0}, {"trade_seq": 1779, "trade_id": "196445497", "timestamp": 1640454683408, "tick_direction": 3, "price": 0.0115, "mark_price": 0.01134066, "iv": 70.1, "instrument_name": "BTC-31DEC21-54000-C", "index_price": 50475.53, "direction": "buy", "amount": 0.1}, {"trade_seq": 1778, "trade_id": "196445336", "timestamp": 1640454509659, "tick_direction": 3, "price": 0.0115, "mark_price": 0.0113215, "iv": 70.2, "instrument_name": "BTC-31DEC21-54000-C", "index_price": 50475.57, "direction": "sell", "amount": 0.1}, {"trade_seq": 1777, "trade_id": "196438463", "timestamp": 1640451074658, "tick_direction": 2, "price": 0.0115, "mark_price": 0.01196448, "iv": 68.13, "instrument_name": "BTC-31DEC21-54000-C", "index_price": 50608.77, "direction": "sell", "amount": 0.5}, {"trade_seq": 1776, "trade_id": "196428107", "timestamp": 1640438135538, "tick_direction": 0, "price": 0.013, "mark_price": 0.01270675, "iv": 68.63, "instrument_name": "BTC-31DEC21-54000-C", "index_price": 50802.67, "direction": "sell", "amount": 18.3}, {"trade_seq": 1775, "trade_id": "196425730", "timestamp": 1640434809149, "tick_direction": 1, "price": 0.0125, "mark_price": 0.01221637, "iv": 66.73, "instrument_name": "BTC-31DEC21-54000-C", "index_price": 50832.27, "direction": "buy", "amount": 1.0}, {"trade_seq": 1774, "trade_id": "196425729", "timestamp": 1640434809149, "tick_direction": 0, "price": 0.0125, "mark_price": 0.01221637, "iv": 66.73, "instrument_name": "BTC-31DEC21-54000-C", "index_price": 50832.27, "direction": "buy", "amount": 0.1}, {"trade_seq": 1773, "trade_id": "196425601", "timestamp": 1640434492631, "tick_direction": 0, "price": 0.012, "mark_price": 0.01192408, "iv": 66.53, "instrument_name": "BTC-31DEC21-54000-C", "index_price": 50741.89, "direction": "buy", "amount": 0.2}, {"trade_seq": 1772, "trade_id": "196424924", "timestamp": 1640431750509, "tick_direction": 3, "price": 0.0115, "mark_price": 0.0120227, "iv": 65.02, "instrument_name": "BTC-31DEC21-54000-C", "index_price": 50769.84, "direction": "sell", "amount": 4.8}, {"trade_seq": 1771, "trade_id": "196424923", "timestamp": 1640431750509, "tick_direction": 2, "price": 0.0115, "mark_price": 0.0120227, "iv": 65.02, "instrument_name": "BTC-31DEC21-54000-C", "index_price": 50769.84, "direction": "sell", "amount": 0.2}, {"trade_seq": 1770, "trade_id": "196419385", "timestamp": 1640426643822, "tick_direction": 3, "price": 0.012, "mark_price": 0.01171525, "iv": 65.86, "instrument_name": "BTC-31DEC21-54000-C", "index_price": 50776.19, "direction": "buy", "amount": 2.3}, {"trade_seq": 1769, "trade_id": "196419384", "timestamp": 1640426643822, "tick_direction": 3, "price": 0.012, "mark_price": 0.01171525, "iv": 65.86, "instrument_name": "BTC-31DEC21-54000-C", "index_price": 50776.19, "direction": "buy", "amount": 0.6}, {"trade_seq": 1768, "trade_id": "196417743", "timestamp": 1640422130873, "tick_direction": 3, "price": 0.012, "mark_price": 0.01185234, "iv": 64.61, "instrument_name": "BTC-31DEC21-54000-C", "index_price": 50872.82, "direction": "buy", "amount": 0.5}, {"trade_seq": 1767, "trade_id": "196416687", "timestamp": 1640420242003, "tick_direction": 3, "price": 0.012, "mark_price": 0.01260437, "iv": 64.05, "instrument_name": "BTC-31DEC21-54000-C", "index_price": 50904.16, "direction": "buy", "amount": 3.1}, {"trade_seq": 1766, "trade_id": "196416686", "timestamp": 1640420241998, "tick_direction": 3, "price": 0.012, "mark_price": 0.01260437, "iv": 64.05, "instrument_name": "BTC-31DEC21-54000-C", "index_price": 50904.16, "direction": "sell", "amount": 0.1}, {"trade_seq": 1765, "trade_id": "196416685", "timestamp": 1640420241998, "tick_direction": 2, "price": 0.012, "mark_price": 0.01260437, "iv": 64.05, "instrument_name": "BTC-31DEC21-54000-C", "index_price": 50904.16, "direction": "sell", "amount": 6.8}, {"trade_seq": 1764, "trade_id": "196414696", "timestamp": 1640416495558, "tick_direction": 1, "price": 0.0145, "mark_price": 0.01438831, "iv": 67.96, "instrument_name": "BTC-31DEC21-54000-C", "index_price": 51047.47, "direction": "buy", "amount": 4.9}, {"trade_seq": 1763, "trade_id": "196414661", "timestamp": 1640416338962, "tick_direction": 0, "price": 0.0145, "mark_price": 0.01432314, "iv": 68.34, "instrument_name": "BTC-31DEC21-54000-C", "index_price": 51014.55, "direction": "buy", "amount": 0.1}, {"trade_seq": 1762, "trade_id": "196413360", "timestamp": 1640414466068, "tick_direction": 0, "price": 0.014, "mark_price": 0.01455523, "iv": 67.1, "instrument_name": "BTC-31DEC21-54000-C", "index_price": 50998.05, "direction": "sell", "amount": 0.8}, {"trade_seq": 1761, "trade_id": "196412704", "timestamp": 1640413339028, "tick_direction": 3, "price": 0.013, "mark_price": 0.01382977, "iv": 66.79, "instrument_name": "BTC-31DEC21-54000-C", "index_price": 50840.46, "direction": "sell", "amount": 0.8}, {"trade_seq": 1760, "trade_id": "196412703", "timestamp": 1640413339028, "tick_direction": 2, "price": 0.013, "mark_price": 0.01382977, "iv": 66.79, "instrument_name": "BTC-31DEC21-54000-C", "index_price": 50840.46, "direction": "sell", "amount": 0.2}, {"trade_seq": 1759, "trade_id": "196408473", "timestamp": 1640402373177, "tick_direction": 3, "price": 0.0155, "mark_price": 0.0148945, "iv": 71.19, "instrument_name": "BTC-31DEC21-54000-C", "index_price": 50893.01, "direction": "buy", "amount": 1.0}, {"trade_seq": 1758, "trade_id": "196405708", "timestamp": 1640396697586, "tick_direction": 3, "price": 0.0155, "mark_price": 0.01594795, "iv": 70.82, "instrument_name": "BTC-31DEC21-54000-C", "index_price": 50913.22, "direction": "sell", "amount": 0.2}, {"trade_seq": 1757, "trade_id": "196399043", "timestamp": 1640387788379, "tick_direction": 3, "price": 0.0155, "mark_price": 0.01566325, "iv": 73.14, "instrument_name": "BTC-31DEC21-54000-C", "index_price": 50639.95, "direction": "buy", "amount": 1.0}, {"trade_seq": 1756, "trade_id": "196399042", "timestamp": 1640387788376, "tick_direction": 3, "price": 0.0155, "mark_price": 0.01566325, "iv": 73.14, "instrument_name": "BTC-31DEC21-54000-C", "index_price": 50639.95, "direction": "sell", "amount": 0.2}, {"trade_seq": 1755, "trade_id": "196399041", "timestamp": 1640387788376, "tick_direction": 3, "price": 0.0155, "mark_price": 0.01566325, "iv": 73.14, "instrument_name": "BTC-31DEC21-54000-C", "index_price": 50639.95, "direction": "sell", "amount": 13.8}, {"trade_seq": 1754, "trade_id": "196397008", "timestamp": 1640386347660, "tick_direction": 2, "price": 0.0155, "mark_price": 0.01549809, "iv": 73.18, "instrument_name": "BTC-31DEC21-54000-C", "index_price": 50640.32, "direction": "sell", "amount": 13.9}, {"trade_seq": 1753, "trade_id": "196395236", "timestamp": 1640384139765, "tick_direction": 2, "price": 0.0165, "mark_price": 0.01614205, "iv": 73.75, "instrument_name": "BTC-31DEC21-54000-C", "index_price": 50781.44, "direction": "buy", "amount": 0.5}, {"trade_seq": 1752, "trade_id": "196392143", "timestamp": 1640379204833, "tick_direction": 0, "price": 0.018, "mark_price": 0.01815474, "iv": 72.25, "instrument_name": "BTC-31DEC21-54000-C", "index_price": 51146.96, "direction": "sell", "amount": 15.8}, {"trade_seq": 1751, "trade_id": "196389524", "timestamp": 1640376735016, "tick_direction": 2, "price": 0.0175, "mark_price": 0.01731602, "iv": 72.36, "instrument_name": "BTC-31DEC21-54000-C", "index_price": 51026.49, "direction": "buy", "amount": 0.1}, {"trade_seq": 1750, "trade_id": "196385632", "timestamp": 1640375093761, "tick_direction": 2, "price": 0.018, "mark_price": 0.01864722, "iv": 69.81, "instrument_name": "BTC-31DEC21-54000-C", "index_price": 51320.09, "direction": "sell", "amount": 0.5}, {"trade_seq": 1749, "trade_id": "196382165", "timestamp": 1640373410603, "tick_direction": 0, "price": 0.021, "mark_price": 0.02085773, "iv": 70.83, "instrument_name": "BTC-31DEC21-54000-C", "index_price": 51725.05, "direction": "sell", "amount": 0.1}, {"trade_seq": 1748, "trade_id": "196375779", "timestamp": 1640371947664, "tick_direction": 0, "price": 0.0195, "mark_price": 0.01911852, "iv": 69.71, "instrument_name": "BTC-31DEC21-54000-C", "index_price": 51585.36, "direction": "buy", "amount": 0.1}, {"trade_seq": 1747, "trade_id": "196370430", "timestamp": 1640369671571, "tick_direction": 0, "price": 0.016, "mark_price": 0.01636686, "iv": 66.88, "instrument_name": "BTC-31DEC21-54000-C", "index_price": 51178.41, "direction": "sell", "amount": 0.1}, {"trade_seq": 1746, "trade_id": "196359308", "timestamp": 1640361263719, "tick_direction": 0, "price": 0.0155, "mark_price": 0.01527121, "iv": 68.5, "instrument_name": "BTC-31DEC21-54000-C", "index_price": 50900.41, "direction": "buy", "amount": 0.1}, {"trade_seq": 1745, "trade_id": "196359007", "timestamp": 1640360539652, "tick_direction": 2, "price": 0.014, "mark_price": 0.01457124, "iv": 66.73, "instrument_name": "BTC-31DEC21-54000-C", "index_price": 50767.67, "direction": "sell", "amount": 0.1}, {"trade_seq": 1744, "trade_id": "196349041", "timestamp": 1640355785598, "tick_direction": 0, "price": 0.0165, "mark_price": 0.01667675, "iv": 67.03, "instrument_name": "BTC-31DEC21-54000-C", "index_price": 51190.64, "direction": "sell", "amount": 2.0}, {"trade_seq": 1743, "trade_id": "196347132", "timestamp": 1640354419653, "tick_direction": 1, "price": 0.016, "mark_price": 0.01565901, "iv": 67.51, "instrument_name": "BTC-31DEC21-54000-C", "index_price": 51062.72, "direction": "sell", "amount": 1.7}, {"trade_seq": 1742, "trade_id": "196347130", "timestamp": 1640354419432, "tick_direction": 1, "price": 0.016, "mark_price": 0.01565901, "iv": 67.51, "instrument_name": "BTC-31DEC21-54000-C", "index_price": 51062.72, "direction": "sell", "amount": 2.0}, {"trade_seq": 1741, "trade_id": "196347129", "timestamp": 1640354419395, "tick_direction": 1, "price": 0.016, "mark_price": 0.01565901, "iv": 67.51, "instrument_name": "BTC-31DEC21-54000-C", "index_price": 51062.72, "direction": "buy", "amount": 2.3}, {"trade_seq": 1740, "trade_id": "196345112", "timestamp": 1640353464457, "tick_direction": 0, "price": 0.016, "mark_price": 0.01581378, "iv": 66.59, "instrument_name": "BTC-31DEC21-54000-C", "index_price": 51121.51, "direction": "buy", "amount": 0.1}, {"trade_seq": 1739, "trade_id": "196343839", "timestamp": 1640352476294, "tick_direction": 0, "price": 0.015, "mark_price": 0.01528883, "iv": 65.17, "instrument_name": "BTC-31DEC21-54000-C", "index_price": 51068.75, "direction": "sell", "amount": 0.1}, {"trade_seq": 1738, "trade_id": "196343184", "timestamp": 1640351540286, "tick_direction": 0, "price": 0.0145, "mark_price": 0.01460014, "iv": 65.47, "instrument_name": "BTC-31DEC21-54000-C", "index_price": 50945.74, "direction": "sell", "amount": 0.9}, {"trade_seq": 1737, "trade_id": "196343103", "timestamp": 1640351457232, "tick_direction": 2, "price": 0.014, "mark_price": 0.01449946, "iv": 64.64, "instrument_name": "BTC-31DEC21-54000-C", "index_price": 50913.97, "direction": "sell", "amount": 1.0}, {"trade_seq": 1736, "trade_id": "196339624", "timestamp": 1640348040703, "tick_direction": 2, "price": 0.0145, "mark_price": 0.01495811, "iv": 64.95, "instrument_name": "BTC-31DEC21-54000-C", "index_price": 50958.6, "direction": "sell", "amount": 0.1}, {"trade_seq": 1735, "trade_id": "196338539", "timestamp": 1640347310506, "tick_direction": 2, "price": 0.015, "mark_price": 0.01520433, "iv": 65.81, "instrument_name": "BTC-31DEC21-54000-C", "index_price": 50977.78, "direction": "sell", "amount": 0.1}, {"trade_seq": 1734, "trade_id": "196338492", "timestamp": 1640347261152, "tick_direction": 2, "price": 0.0155, "mark_price": 0.01564688, "iv": 65.95, "instrument_name": "BTC-31DEC21-54000-C", "index_price": 51061.43, "direction": "sell", "amount": 1.0}, {"trade_seq": 1733, "trade_id": "196330330", "timestamp": 1640341129844, "tick_direction": 2, "price": 0.016, "mark_price": 0.01651711, "iv": 65.74, "instrument_name": "BTC-31DEC21-54000-C", "index_price": 51139.25, "direction": "sell", "amount": 0.3}, {"trade_seq": 1732, "trade_id": "196330191", "timestamp": 1640341029976, "tick_direction": 0, "price": 0.0165, "mark_price": 0.01650098, "iv": 66.78, "instrument_name": "BTC-31DEC21-54000-C", "index_price": 51143.67, "direction": "buy", "amount": 5.0}, {"trade_seq": 1731, "trade_id": "196329756", "timestamp": 1640340849771, "tick_direction": 3, "price": 0.016, "mark_price": 0.01666795, "iv": 65.55, "instrument_name": "BTC-31DEC21-54000-C", "index_price": 51170.64, "direction": "sell", "amount": 1.5}, {"trade_seq": 1730, "trade_id": "196329755", "timestamp": 1640340849771, "tick_direction": 3, "price": 0.016, "mark_price": 0.01666795, "iv": 65.55, "instrument_name": "BTC-31DEC21-54000-C", "index_price": 51170.64, "direction": "sell", "amount": 3.4}, {"trade_seq": 1729, "trade_id": "196329754", "timestamp": 1640340849771, "tick_direction": 3, "price": 0.016, "mark_price": 0.01666795, "iv": 65.55, "instrument_name": "BTC-31DEC21-54000-C", "index_price": 51170.64, "direction": "sell", "amount": 0.1}, {"trade_seq": 1728, "trade_id": "196329753", "timestamp": 1640340843567, "tick_direction": 3, "price": 0.016, "mark_price": 0.01666373, "iv": 65.55, "instrument_name": "BTC-31DEC21-54000-C", "index_price": 51169.8, "direction": "sell", "amount": 0.1}, {"trade_seq": 1727, "trade_id": "196329752", "timestamp": 1640340843567, "tick_direction": 3, "price": 0.016, "mark_price": 0.01666373, "iv": 65.55, "instrument_name": "BTC-31DEC21-54000-C", "index_price": 51169.8, "direction": "sell", "amount": 4.9}, {"trade_seq": 1726, "trade_id": "196329575", "timestamp": 1640340699554, "tick_direction": 2, "price": 0.016, "mark_price": 0.01665654, "iv": 65.63, "instrument_name": "BTC-31DEC21-54000-C", "index_price": 51157.66, "direction": "sell", "amount": 1.8}, {"trade_seq": 1725, "trade_id": "196328151", "timestamp": 1640339684039, "tick_direction": 3, "price": 0.0165, "mark_price": 0.01708102, "iv": 65.28, "instrument_name": "BTC-31DEC21-54000-C", "index_price": 51256.83, "direction": "sell", "amount": 3.0}, {"trade_seq": 1724, "trade_id": "196327797", "timestamp": 1640339361304, "tick_direction": 3, "price": 0.0165, "mark_price": 0.01707915, "iv": 65.54, "instrument_name": "BTC-31DEC21-54000-C", "index_price": 51227.24, "direction": "sell", "amount": 0.1}, {"trade_seq": 1723, "trade_id": "196327753", "timestamp": 1640339288815, "tick_direction": 2, "price": 0.0165, "mark_price": 0.01712336, "iv": 65.5, "instrument_name": "BTC-31DEC21-54000-C", "index_price": 51236.87, "direction": "sell", "amount": 0.2}, {"trade_seq": 1722, "trade_id": "196325556", "timestamp": 1640337848158, "tick_direction": 0, "price": 0.0179, "mark_price": 0.01726831, "iv": 67.88, "instrument_name": "BTC-31DEC21-54000-C", "index_price": 51258.79, "direction": "buy", "block_trade_id": "27995", "amount": 12.5}, {"trade_seq": 1721, "trade_id": "196319784", "timestamp": 1640334539710, "tick_direction": 1, "price": 0.0175, "mark_price": 0.01733485, "iv": 67.71, "instrument_name": "BTC-31DEC21-54000-C", "index_price": 51183.66, "direction": "buy", "amount": 0.3}, {"trade_seq": 1720, "trade_id": "196319749", "timestamp": 1640334532840, "tick_direction": 1, "price": 0.0175, "mark_price": 0.01734028, "iv": 67.75, "instrument_name": "BTC-31DEC21-54000-C", "index_price": 51179.76, "direction": "buy", "amount": 0.6}, {"trade_seq": 1719, "trade_id": "196319748", "timestamp": 1640334532840, "tick_direction": 0, "price": 0.0175, "mark_price": 0.01734028, "iv": 67.75, "instrument_name": "BTC-31DEC21-54000-C", "index_price": 51179.76, "direction": "buy", "amount": 0.4}, {"trade_seq": 1718, "trade_id": "196319143", "timestamp": 1640334382224, "tick_direction": 3, "price": 0.017, "mark_price": 0.01713927, "iv": 67.22, "instrument_name": "BTC-31DEC21-54000-C", "index_price": 51118.15, "direction": "buy", "amount": 5.0}, {"trade_seq": 1717, "trade_id": "196318571", "timestamp": 1640333869247, "tick_direction": 2, "price": 0.017, "mark_price": 0.01734479, "iv": 67.46, "instrument_name": "BTC-31DEC21-54000-C", "index_price": 51111.05, "direction": "sell", "amount": 1.0}, {"trade_seq": 1716, "trade_id": "196318546", "timestamp": 1640333839841, "tick_direction": 0, "price": 0.0175, "mark_price": 0.01730589, "iv": 68.57, "instrument_name": "BTC-31DEC21-54000-C", "index_price": 51107.37, "direction": "buy", "amount": 0.1}, {"trade_seq": 1715, "trade_id": "196317285", "timestamp": 1640333349185, "tick_direction": 2, "price": 0.0165, "mark_price": 0.0173146, "iv": 67.35, "instrument_name": "BTC-31DEC21-54000-C", "index_price": 50986.5, "direction": "sell", "amount": 0.1}, {"trade_seq": 1714, "trade_id": "196316575", "timestamp": 1640333005642, "tick_direction": 3, "price": 0.017, "mark_price": 0.01731588, "iv": 68.77, "instrument_name": "BTC-31DEC21-54000-C", "index_price": 50964.56, "direction": "sell", "amount": 1.0}, {"trade_seq": 1713, "trade_id": "196316554", "timestamp": 1640332976127, "tick_direction": 2, "price": 0.017, "mark_price": 0.0173282, "iv": 68.77, "instrument_name": "BTC-31DEC21-54000-C", "index_price": 50961.47, "direction": "sell", "amount": 0.5}, {"trade_seq": 1712, "trade_id": "196308949", "timestamp": 1640330000293, "tick_direction": 0, "price": 0.0175, "mark_price": 0.01723131, "iv": 69.72, "instrument_name": "BTC-31DEC21-54000-C", "index_price": 50977.78, "direction": "sell", "amount": 2.1}, {"trade_seq": 1711, "trade_id": "196308165", "timestamp": 1640329240715, "tick_direction": 3, "price": 0.0165, "mark_price": 0.01660857, "iv": 68.65, "instrument_name": "BTC-31DEC21-54000-C", "index_price": 50891.65, "direction": "buy", "amount": 1.0}, {"trade_seq": 1710, "trade_id": "196308043", "timestamp": 1640329175551, "tick_direction": 3, "price": 0.0165, "mark_price": 0.01672733, "iv": 68.31, "instrument_name": "BTC-31DEC21-54000-C", "index_price": 50926.37, "direction": "sell", "amount": 0.8}, {"trade_seq": 1709, "trade_id": "196308042", "timestamp": 1640329175551, "tick_direction": 3, "price": 0.0165, "mark_price": 0.01672733, "iv": 68.31, "instrument_name": "BTC-31DEC21-54000-C", "index_price": 50926.37, "direction": "sell", "amount": 0.2}, {"trade_seq": 1708, "trade_id": "196302394", "timestamp": 1640324367728, "tick_direction": 2, "price": 0.0165, "mark_price": 0.01692449, "iv": 67.56, "instrument_name": "BTC-31DEC21-54000-C", "index_price": 50931.09, "direction": "sell", "amount": 0.3}, {"trade_seq": 1707, "trade_id": "196295717", "timestamp": 1640320615203, "tick_direction": 2, "price": 0.018, "mark_price": 0.01823066, "iv": 69.09, "instrument_name": "BTC-31DEC21-54000-C", "index_price": 51059.31, "direction": "sell", "amount": 1.0}, {"trade_seq": 1706, "trade_id": "196295151", "timestamp": 1640319526936, "tick_direction": 0, "price": 0.0185, "mark_price": 0.01814501, "iv": 70.22, "instrument_name": "BTC-31DEC21-54000-C", "index_price": 51077.93, "direction": "buy", "amount": 1.0}, {"trade_seq": 1705, "trade_id": "196294844", "timestamp": 1640318560627, "tick_direction": 2, "price": 0.0175, "mark_price": 0.01807252, "iv": 68.33, "instrument_name": "BTC-31DEC21-54000-C", "index_price": 51043.76, "direction": "sell", "amount": 10.0}, {"trade_seq": 1704, "trade_id": "196294464", "timestamp": 1640317905085, "tick_direction": 2, "price": 0.018, "mark_price": 0.01797239, "iv": 70.34, "instrument_name": "BTC-31DEC21-54000-C", "index_price": 50954.71, "direction": "sell", "amount": 0.8}, {"trade_seq": 1703, "trade_id": "196291957", "timestamp": 1640314266301, "tick_direction": 3, "price": 0.019, "mark_price": 0.01905224, "iv": 70.3, "instrument_name": "BTC-31DEC21-54000-C", "index_price": 51120.99, "direction": "buy", "amount": 9.3}, {"trade_seq": 1702, "trade_id": "196291956", "timestamp": 1640314266301, "tick_direction": 2, "price": 0.019, "mark_price": 0.01905224, "iv": 70.3, "instrument_name": "BTC-31DEC21-54000-C", "index_price": 51120.99, "direction": "buy", "amount": 4.0}, {"trade_seq": 1701, "trade_id": "196290292", "timestamp": 1640312572826, "tick_direction": 2, "price": 0.0205, "mark_price": 0.02023408, "iv": 72.29, "instrument_name": "BTC-31DEC21-54000-C", "index_price": 51204.52, "direction": "buy", "amount": 0.1}, {"trade_seq": 1700, "trade_id": "196289062", "timestamp": 1640311512452, "tick_direction": 3, "price": 0.0215, "mark_price": 0.02194789, "iv": 71.04, "instrument_name": "BTC-31DEC21-54000-C", "index_price": 51458.49, "direction": "sell", "amount": 2.0}, {"trade_seq": 1699, "trade_id": "196288795", "timestamp": 1640311503573, "tick_direction": 2, "price": 0.0215, "mark_price": 0.02228769, "iv": 70.32, "instrument_name": "BTC-31DEC21-54000-C", "index_price": 51513.98, "direction": "sell", "amount": 0.1}, {"trade_seq": 1698, "trade_id": "196287567", "timestamp": 1640311215587, "tick_direction": 0, "price": 0.022, "mark_price": 0.02133063, "iv": 73.15, "instrument_name": "BTC-31DEC21-54000-C", "index_price": 51382.77, "direction": "buy", "amount": 1.0}, {"trade_seq": 1697, "trade_id": "196284765", "timestamp": 1640309628158, "tick_direction": 0, "price": 0.02, "mark_price": 0.02056043, "iv": 70.86, "instrument_name": "BTC-31DEC21-54000-C", "index_price": 51221.81, "direction": "sell", "amount": 1.0}, {"trade_seq": 1696, "trade_id": "196283400", "timestamp": 1640308963277, "tick_direction": 2, "price": 0.019, "mark_price": 0.01940889, "iv": 71.56, "instrument_name": "BTC-31DEC21-54000-C", "index_price": 51001.94, "direction": "sell", "amount": 1.0}, {"trade_seq": 1695, "trade_id": "196282714", "timestamp": 1640308635628, "tick_direction": 0, "price": 0.0205, "mark_price": 0.02057542, "iv": 72.8, "instrument_name": "BTC-31DEC21-54000-C", "index_price": 51155.79, "direction": "sell", "amount": 0.2}, {"trade_seq": 1694, "trade_id": "196274253", "timestamp": 1640301579819, "tick_direction": 2, "price": 0.0185, "mark_price": 0.01846168, "iv": 72.88, "instrument_name": "BTC-31DEC21-54000-C", "index_price": 50733.69, "direction": "buy", "amount": 0.1}, {"trade_seq": 1693, "trade_id": "196266669", "timestamp": 1640293965285, "tick_direction": 2, "price": 0.0195, "mark_price": 0.01928975, "iv": 74.16, "instrument_name": "BTC-31DEC21-54000-C", "index_price": 50791.29, "direction": "buy", "amount": 10.9}, {"trade_seq": 1692, "trade_id": "196262267", "timestamp": 1640290503174, "tick_direction": 0, "price": 0.021, "mark_price": 0.02076491, "iv": 73.88, "instrument_name": "BTC-31DEC21-54000-C", "index_price": 51022.86, "direction": "buy", "amount": 1.0}, {"trade_seq": 1691, "trade_id": "196260721", "timestamp": 1640289763520, "tick_direction": 2, "price": 0.02, "mark_price": 0.020263, "iv": 72.5, "instrument_name": "BTC-31DEC21-54000-C", "index_price": 50973.4, "direction": "buy", "amount": 1.0}, {"trade_seq": 1690, "trade_id": "196256735", "timestamp": 1640289005793, "tick_direction": 2, "price": 0.023, "mark_price": 0.02257434, "iv": 73.82, "instrument_name": "BTC-31DEC21-54000-C", "index_price": 51351.98, "direction": "sell", "amount": 2.0}, {"trade_seq": 1689, "trade_id": "196256634", "timestamp": 1640288975927, "tick_direction": 1, "price": 0.0235, "mark_price": 0.02258856, "iv": 74.7, "instrument_name": "BTC-31DEC21-54000-C", "index_price": 51362.27, "direction": "buy", "amount": 0.8}, {"trade_seq": 1688, "trade_id": "196256633", "timestamp": 1640288975927, "tick_direction": 0, "price": 0.0235, "mark_price": 0.02258856, "iv": 74.7, "instrument_name": "BTC-31DEC21-54000-C", "index_price": 51362.27, "direction": "buy", "amount": 0.2}, {"trade_seq": 1687, "trade_id": "196252284", "timestamp": 1640288459498, "tick_direction": 1, "price": 0.021, "mark_price": 0.02063041, "iv": 73.21, "instrument_name": "BTC-31DEC21-54000-C", "index_price": 51051.43, "direction": "sell", "amount": 4.0}, {"trade_seq": 1686, "trade_id": "196252283", "timestamp": 1640288459469, "tick_direction": 1, "price": 0.021, "mark_price": 0.02065959, "iv": 73.21, "instrument_name": "BTC-31DEC21-54000-C", "index_price": 51051.43, "direction": "sell", "amount": 4.3}, {"trade_seq": 1685, "trade_id": "196252282", "timestamp": 1640288459452, "tick_direction": 1, "price": 0.021, "mark_price": 0.02065959, "iv": 73.21, "instrument_name": "BTC-31DEC21-54000-C", "index_price": 51051.43, "direction": "sell", "amount": 0.1}, {"trade_seq": 1684, "trade_id": "196252280", "timestamp": 1640288459436, "tick_direction": 0, "price": 0.021, "mark_price": 0.02065959, "iv": 73.21, "instrument_name": "BTC-31DEC21-54000-C", "index_price": 51051.43, "direction": "sell", "amount": 11.6}, {"trade_seq": 1683, "trade_id": "196251371", "timestamp": 1640288264855, "tick_direction": 1, "price": 0.02, "mark_price": 0.02004755, "iv": 72.23, "instrument_name": "BTC-31DEC21-54000-C", "index_price": 50972.4, "direction": "sell", "amount": 0.9}, {"trade_seq": 1682, "trade_id": "196251288", "timestamp": 1640288186038, "tick_direction": 1, "price": 0.02, "mark_price": 0.01978488, "iv": 72.52, "instrument_name": "BTC-31DEC21-54000-C", "index_price": 50968.56, "direction": "buy", "amount": 0.5}, {"trade_seq": 1681, "trade_id": "196251287", "timestamp": 1640288186038, "tick_direction": 0, "price": 0.02, "mark_price": 0.01978488, "iv": 72.52, "instrument_name": "BTC-31DEC21-54000-C", "index_price": 50968.56, "direction": "buy", "amount": 5.0}, {"trade_seq": 1680, "trade_id": "196250977", "timestamp": 1640288018472, "tick_direction": 3, "price": 0.0195, "mark_price": 0.01954337, "iv": 72.27, "instrument_name": "BTC-31DEC21-54000-C", "index_price": 50891.69, "direction": "sell", "amount": 0.7}, {"trade_seq": 1679, "trade_id": "196250189", "timestamp": 1640287646230, "tick_direction": 3, "price": 0.0195, "mark_price": 0.01935285, "iv": 72.58, "instrument_name": "BTC-31DEC21-54000-C", "index_price": 50874.63, "direction": "sell", "amount": 0.2}, {"trade_seq": 1678, "trade_id": "196250170", "timestamp": 1640287646197, "tick_direction": 3, "price": 0.0195, "mark_price": 0.01935285, "iv": 72.58, "instrument_name": "BTC-31DEC21-54000-C", "index_price": 50874.63, "direction": "sell", "amount": 0.1}, {"trade_seq": 1677, "trade_id": "196250164", "timestamp": 1640287646186, "tick_direction": 3, "price": 0.0195, "mark_price": 0.01935285, "iv": 72.58, "instrument_name": "BTC-31DEC21-54000-C", "index_price": 50874.63, "direction": "sell", "amount": 0.7}, {"trade_seq": 1676, "trade_id": "196250163", "timestamp": 1640287646186, "tick_direction": 3, "price": 0.0195, "mark_price": 0.01935285, "iv": 72.58, "instrument_name": "BTC-31DEC21-54000-C", "index_price": 50874.63, "direction": "sell", "amount": 1.0}, {"trade_seq": 1675, "trade_id": "196250135", "timestamp": 1640287628384, "tick_direction": 2, "price": 0.0195, "mark_price": 0.01935778, "iv": 72.52, "instrument_name": "BTC-31DEC21-54000-C", "index_price": 50878.32, "direction": "sell", "amount": 1.0}, {"trade_seq": 1674, "trade_id": "196249714", "timestamp": 1640287435757, "tick_direction": 0, "price": 0.02, "mark_price": 0.01932706, "iv": 73.45, "instrument_name": "BTC-31DEC21-54000-C", "index_price": 50876.16, "direction": "buy", "amount": 0.1}, {"trade_seq": 1673, "trade_id": "196247822", "timestamp": 1640287098403, "tick_direction": 0, "price": 0.0185, "mark_price": 0.01842132, "iv": 72.23, "instrument_name": "BTC-31DEC21-54000-C", "index_price": 50715.91, "direction": "sell", "amount": 1.3}, {"trade_seq": 1672, "trade_id": "196246967", "timestamp": 1640286525210, "tick_direction": 2, "price": 0.017, "mark_price": 0.01775468, "iv": 70.68, "instrument_name": "BTC-31DEC21-54000-C", "index_price": 50571.9, "direction": "sell", "amount": 0.4}, {"trade_seq": 1671, "trade_id": "196246444", "timestamp": 1640286000727, "tick_direction": 3, "price": 0.018, "mark_price": 0.01779711, "iv": 72.8, "instrument_name": "BTC-31DEC21-54000-C", "index_price": 50572.26, "direction": "buy", "amount": 0.1}, {"trade_seq": 1670, "trade_id": "196246437", "timestamp": 1640286000674, "tick_direction": 3, "price": 0.018, "mark_price": 0.01779711, "iv": 72.8, "instrument_name": "BTC-31DEC21-54000-C", "index_price": 50572.26, "direction": "buy", "amount": 0.1}, {"trade_seq": 1669, "trade_id": "196246434", "timestamp": 1640286000604, "tick_direction": 3, "price": 0.018, "mark_price": 0.01779711, "iv": 72.8, "instrument_name": "BTC-31DEC21-54000-C", "index_price": 50572.26, "direction": "buy", "amount": 1.8}, {"trade_seq": 1668, "trade_id": "196246069", "timestamp": 1640285908283, "tick_direction": 3, "price": 0.018, "mark_price": 0.01775704, "iv": 72.94, "instrument_name": "BTC-31DEC21-54000-C", "index_price": 50555.29, "direction": "buy", "amount": 1.0}, {"trade_seq": 1667, "trade_id": "196244392", "timestamp": 1640285073606, "tick_direction": 3, "price": 0.018, "mark_price": 0.01771917, "iv": 73.49, "instrument_name": "BTC-31DEC21-54000-C", "index_price": 50496.01, "direction": "buy", "amount": 4.0}, {"trade_seq": 1666, "trade_id": "196244267", "timestamp": 1640285050577, "tick_direction": 3, "price": 0.018, "mark_price": 0.01788466, "iv": 73.18, "instrument_name": "BTC-31DEC21-54000-C", "index_price": 50528.75, "direction": "sell", "amount": 0.2}, {"trade_seq": 1665, "trade_id": "196244219", "timestamp": 1640285050336, "tick_direction": 3, "price": 0.018, "mark_price": 0.01788466, "iv": 73.18, "instrument_name": "BTC-31DEC21-54000-C", "index_price": 50528.75, "direction": "sell", "amount": 1.8}, {"trade_seq": 1664, "trade_id": "196244170", "timestamp": 1640285036326, "tick_direction": 2, "price": 0.018, "mark_price": 0.01796746, "iv": 72.98, "instrument_name": "BTC-31DEC21-54000-C", "index_price": 50546.78, "direction": "sell", "amount": 2.0}, {"trade_seq": 1663, "trade_id": "196243125", "timestamp": 1640284494306, "tick_direction": 1, "price": 0.0195, "mark_price": 0.01921781, "iv": 73.42, "instrument_name": "BTC-31DEC21-54000-C", "index_price": 50765.0, "direction": "sell", "amount": 0.5}, {"trade_seq": 1662, "trade_id": "196243123", "timestamp": 1640284492754, "tick_direction": 1, "price": 0.0195, "mark_price": 0.01919948, "iv": 73.44, "instrument_name": "BTC-31DEC21-54000-C", "index_price": 50762.63, "direction": "sell", "amount": 1.4}, {"trade_seq": 1661, "trade_id": "196243122", "timestamp": 1640284492751, "tick_direction": 1, "price": 0.0195, "mark_price": 0.01919948, "iv": 73.44, "instrument_name": "BTC-31DEC21-54000-C", "index_price": 50762.63, "direction": "buy", "amount": 2.1}, {"trade_seq": 1660, "trade_id": "196242917", "timestamp": 1640284382205, "tick_direction": 1, "price": 0.0195, "mark_price": 0.01873521, "iv": 74.34, "instrument_name": "BTC-31DEC21-54000-C", "index_price": 50688.27, "direction": "buy", "amount": 1.7}, {"trade_seq": 1659, "trade_id": "196242916", "timestamp": 1640284382205, "tick_direction": 1, "price": 0.0195, "mark_price": 0.01873521, "iv": 74.34, "instrument_name": "BTC-31DEC21-54000-C", "index_price": 50688.27, "direction": "buy", "amount": 0.2}, {"trade_seq": 1658, "trade_id": "196242915", "timestamp": 1640284382205, "tick_direction": 0, "price": 0.0195, "mark_price": 0.01873521, "iv": 74.34, "instrument_name": "BTC-31DEC21-54000-C", "index_price": 50688.27, "direction": "buy", "amount": 3.1}, {"trade_seq": 1657, "trade_id": "196240870", "timestamp": 1640283975992, "tick_direction": 0, "price": 0.018, "mark_price": 0.01788121, "iv": 72.69, "instrument_name": "BTC-31DEC21-54000-C", "index_price": 50560.34, "direction": "buy", "amount": 2.7}, {"trade_seq": 1656, "trade_id": "196239663", "timestamp": 1640283546394, "tick_direction": 3, "price": 0.017, "mark_price": 0.0174216, "iv": 71.67, "instrument_name": "BTC-31DEC21-54000-C", "index_price": 50478.59, "direction": "sell", "amount": 0.8}, {"trade_seq": 1655, "trade_id": "196239662", "timestamp": 1640283546394, "tick_direction": 2, "price": 0.017, "mark_price": 0.0174216, "iv": 71.67, "instrument_name": "BTC-31DEC21-54000-C", "index_price": 50478.59, "direction": "sell", "amount": 0.2}, {"trade_seq": 1654, "trade_id": "196238815", "timestamp": 1640283459059, "tick_direction": 1, "price": 0.018, "mark_price": 0.01799425, "iv": 72.52, "instrument_name": "BTC-31DEC21-54000-C", "index_price": 50592.96, "direction": "buy", "amount": 1.0}, {"trade_seq": 1653, "trade_id": "196238814", "timestamp": 1640283459059, "tick_direction": 1, "price": 0.018, "mark_price": 0.01799425, "iv": 72.52, "instrument_name": "BTC-31DEC21-54000-C", "index_price": 50592.96, "direction": "buy", "amount": 10.0}, {"trade_seq": 1652, "trade_id": "196238813", "timestamp": 1640283459059, "tick_direction": 0, "price": 0.018, "mark_price": 0.01799425, "iv": 72.52, "instrument_name": "BTC-31DEC21-54000-C", "index_price": 50592.96, "direction": "buy", "amount": 0.2}, {"trade_seq": 1651, "trade_id": "196231940", "timestamp": 1640281881175, "tick_direction": 2, "price": 0.0145, "mark_price": 0.01487611, "iv": 71.05, "instrument_name": "BTC-31DEC21-54000-C", "index_price": 49990.82, "direction": "sell", "amount": 1.0}, {"trade_seq": 1650, "trade_id": "196230592", "timestamp": 1640281766937, "tick_direction": 2, "price": 0.015, "mark_price": 0.01520774, "iv": 71.23, "instrument_name": "BTC-31DEC21-54000-C", "index_price": 50068.9, "direction": "buy", "amount": 0.1}, {"trade_seq": 1649, "trade_id": "196230313", "timestamp": 1640281759276, "tick_direction": 1, "price": 0.0155, "mark_price": 0.01488846, "iv": 72.99, "instrument_name": "BTC-31DEC21-54000-C", "index_price": 50006.83, "direction": "buy", "amount": 1.3}, {"trade_seq": 1648, "trade_id": "196230312", "timestamp": 1640281759276, "tick_direction": 1, "price": 0.0155, "mark_price": 0.01488846, "iv": 72.99, "instrument_name": "BTC-31DEC21-54000-C", "index_price": 50006.83, "direction": "buy", "amount": 0.5}, {"trade_seq": 1647, "trade_id": "196230311", "timestamp": 1640281759276, "tick_direction": 0, "price": 0.0155, "mark_price": 0.01488846, "iv": 72.99, "instrument_name": "BTC-31DEC21-54000-C", "index_price": 50006.83, "direction": "buy", "amount": 3.2}, {"trade_seq": 1646, "trade_id": "196228471", "timestamp": 1640281644131, "tick_direction": 1, "price": 0.014, "mark_price": 0.01404635, "iv": 71.46, "instrument_name": "BTC-31DEC21-54000-C", "index_price": 49834.89, "direction": "sell", "amount": 1.8}, {"trade_seq": 1645, "trade_id": "196228470", "timestamp": 1640281644131, "tick_direction": 1, "price": 0.014, "mark_price": 0.01404635, "iv": 71.46, "instrument_name": "BTC-31DEC21-54000-C", "index_price": 49834.89, "direction": "sell", "amount": 0.2}, {"trade_seq": 1644, "trade_id": "196228469", "timestamp": 1640281644131, "tick_direction": 0, "price": 0.014, "mark_price": 0.01404635, "iv": 71.46, "instrument_name": "BTC-31DEC21-54000-C", "index_price": 49834.89, "direction": "sell", "amount": 5.5}, {"trade_seq": 1643, "trade_id": "196225890", "timestamp": 1640281384653, "tick_direction": 1, "price": 0.0135, "mark_price": 0.01343666, "iv": 71.2, "instrument_name": "BTC-31DEC21-54000-C", "index_price": 49735.34, "direction": "buy", "amount": 5.0}, {"trade_seq": 1642, "trade_id": "196225880", "timestamp": 1640281384569, "tick_direction": 1, "price": 0.0135, "mark_price": 0.01343666, "iv": 71.2, "instrument_name": "BTC-31DEC21-54000-C", "index_price": 49735.34, "direction": "buy", "amount": 1.6}