{"trades": [{"trade_seq": 895, "trade_id": "197221703", "timestamp": 1640924276930, "tick_direction": 0, "price": 0.065, "mark_price": 0.06906015, "iv": 0.0, "instrument_name": "BTC-31DEC21-44000-C", "index_price": 47207.27, "direction": "sell", "amount": 0.1}, {"trade_seq": 894, "trade_id": "197070323", "timestamp": 1640828941001, "tick_direction": 3, "price": 0.0605, "mark_price": 0.06081645, "iv": 89.52, "instrument_name": "BTC-31DEC21-44000-C", "index_price": 46651.67, "direction": "buy", "amount": 0.1}, {"trade_seq": 893, "trade_id": "197070315", "timestamp": 1640828940736, "tick_direction": 2, "price": 0.0605, "mark_price": 0.06081343, "iv": 89.52, "instrument_name": "BTC-31DEC21-44000-C", "index_price": 46651.67, "direction": "buy", "amount": 1.4}, {"trade_seq": 892, "trade_id": "196727878", "timestamp": 1640668836061, "tick_direction": 2, "price": 0.106, "mark_price": 0.10607829, "iv": 81.52, "instrument_name": "BTC-31DEC21-44000-C", "index_price": 49068.6, "direction": "sell", "amount": 0.3}, {"trade_seq": 891, "trade_id": "196609631", "timestamp": 1640613401125, "tick_direction": 0, "price": 0.1455, "mark_price": 0.14539251, "iv": 93.11, "instrument_name": "BTC-31DEC21-44000-C", "index_price": 51346.14, "direction": "buy", "amount": 0.2}, {"trade_seq": 890, "trade_id": "196139440", "timestamp": 1640189352525, "tick_direction": 1, "price": 0.1135, "mark_price": 0.11357816, "iv": 74.91, "instrument_name": "BTC-31DEC21-44000-C", "index_price": 48988.84, "direction": "buy", "amount": 1.7}, {"trade_seq": 889, "trade_id": "196139439", "timestamp": 1640189352518, "tick_direction": 1, "price": 0.1135, "mark_price": 0.11357816, "iv": 74.91, "instrument_name": "BTC-31DEC21-44000-C", "index_price": 48988.84, "direction": "buy", "amount": 2.1}, {"trade_seq": 888, "trade_id": "196139431", "timestamp": 1640189351899, "tick_direction": 1, "price": 0.1135, "mark_price": 0.11356005, "iv": 74.91, "instrument_name": "BTC-31DEC21-44000-C", "index_price": 48988.84, "direction": "buy", "amount": 1.2}, {"trade_seq": 887, "trade_id": "196139429", "timestamp": 1640189350659, "tick_direction": 1, "price": 0.1135, "mark_price": 0.11347164, "iv": 75.2, "instrument_name": "BTC-31DEC21-44000-C", "index_price": 48967.14, "direction": "buy", "amount": 2.9}, {"trade_seq": 886, "trade_id": "196139413", "timestamp": 1640189350120, "tick_direction": 1, "price": 0.1135, "mark_price": 0.113038, "iv": 75.2, "instrument_name": "BTC-31DEC21-44000-C", "index_price": 48967.14, "direction": "buy", "amount": 2.1}, {"trade_seq": 885, "trade_id": "196122833", "timestamp": 1640175384598, "tick_direction": 0, "price": 0.1135, "mark_price": 0.11599286, "iv": 69.13, "instrument_name": "BTC-31DEC21-44000-C", "index_price": 49076.22, "direction": "sell", "amount": 2.0}, {"trade_seq": 884, "trade_id": "195896724", "timestamp": 1640010407622, "tick_direction": 3, "price": 0.0746, "mark_price": 0.0750213, "iv": 78.92, "instrument_name": "BTC-31DEC21-44000-C", "index_price": 45683.65, "direction": "buy", "block_trade_id": "27772", "amount": 12.5}, {"trade_seq": 883, "trade_id": "195893955", "timestamp": 1640009642494, "tick_direction": 2, "price": 0.0746, "mark_price": 0.0742156, "iv": 79.86, "instrument_name": "BTC-31DEC21-44000-C", "index_price": 45619.96, "direction": "buy", "block_trade_id": "27770", "amount": 12.5}, {"trade_seq": 882, "trade_id": "195823492", "timestamp": 1639959361612, "tick_direction": 2, "price": 0.085, "mark_price": 0.08564388, "iv": 79.68, "instrument_name": "BTC-31DEC21-44000-C", "index_price": 46317.26, "direction": "sell", "amount": 1.3}, {"trade_seq": 881, "trade_id": "195766053", "timestamp": 1639920627142, "tick_direction": 2, "price": 0.0945, "mark_price": 0.09543836, "iv": 74.65, "instrument_name": "BTC-31DEC21-44000-C", "index_price": 47232.91, "direction": "sell", "block_trade_id": "27733", "amount": 12.5}, {"trade_seq": 880, "trade_id": "195765923", "timestamp": 1639920578559, "tick_direction": 2, "price": 0.0957, "mark_price": 0.09618427, "iv": 75.45, "instrument_name": "BTC-31DEC21-44000-C", "index_price": 47286.95, "direction": "sell", "block_trade_id": "27732", "amount": 15.0}, {"trade_seq": 879, "trade_id": "195749285", "timestamp": 1639900826869, "tick_direction": 0, "price": 0.0975, "mark_price": 0.10066892, "iv": 70.79, "instrument_name": "BTC-31DEC21-44000-C", "index_price": 47567.53, "direction": "buy", "amount": 0.1}, {"trade_seq": 878, "trade_id": "195639891", "timestamp": 1639803693638, "tick_direction": 1, "price": 0.086, "mark_price": 0.08650779, "iv": 74.29, "instrument_name": "BTC-31DEC21-44000-C", "index_price": 46369.67, "direction": "sell", "amount": 0.1}, {"trade_seq": 877, "trade_id": "195639889", "timestamp": 1639803693593, "tick_direction": 0, "price": 0.086, "mark_price": 0.08650779, "iv": 74.29, "instrument_name": "BTC-31DEC21-44000-C", "index_price": 46369.67, "direction": "sell", "amount": 1.1}, {"trade_seq": 876, "trade_id": "195615236", "timestamp": 1639788453886, "tick_direction": 0, "price": 0.0855, "mark_price": 0.08532573, "iv": 76.79, "instrument_name": "BTC-31DEC21-44000-C", "index_price": 46201.64, "direction": "sell", "amount": 1.0}, {"trade_seq": 875, "trade_id": "195594756", "timestamp": 1639779652741, "tick_direction": 2, "price": 0.079, "mark_price": 0.07970132, "iv": 75.77, "instrument_name": "BTC-31DEC21-44000-C", "index_price": 45745.33, "direction": "sell", "amount": 2.1}, {"trade_seq": 874, "trade_id": "195574463", "timestamp": 1639772305356, "tick_direction": 2, "price": 0.089, "mark_price": 0.08937582, "iv": 76.1, "instrument_name": "BTC-31DEC21-44000-C", "index_price": 46479.4, "direction": "sell", "amount": 0.1}, {"trade_seq": 873, "trade_id": "195564674", "timestamp": 1639766836427, "tick_direction": 1, "price": 0.092, "mark_price": 0.09210758, "iv": 76.86, "instrument_name": "BTC-31DEC21-44000-C", "index_price": 46672.0, "direction": "buy", "amount": 0.1}, {"trade_seq": 872, "trade_id": "195564664", "timestamp": 1639766835084, "tick_direction": 1, "price": 0.092, "mark_price": 0.09210934, "iv": 76.91, "instrument_name": "BTC-31DEC21-44000-C", "index_price": 46669.82, "direction": "buy", "amount": 0.9}, {"trade_seq": 871, "trade_id": "195538690", "timestamp": 1639757292973, "tick_direction": 0, "price": 0.092, "mark_price": 0.09029794, "iv": 79.87, "instrument_name": "BTC-31DEC21-44000-C", "index_price": 46511.7, "direction": "buy", "amount": 0.1}, {"trade_seq": 870, "trade_id": "195529545", "timestamp": 1639755323587, "tick_direction": 2, "price": 0.088, "mark_price": 0.08761821, "iv": 78.34, "instrument_name": "BTC-31DEC21-44000-C", "index_price": 46286.1, "direction": "buy", "amount": 1.7}, {"trade_seq": 869, "trade_id": "195451240", "timestamp": 1639726210154, "tick_direction": 2, "price": 0.0985, "mark_price": 0.09856113, "iv": 79.01, "instrument_name": "BTC-31DEC21-44000-C", "index_price": 47007.66, "direction": "sell", "amount": 0.1}, {"trade_seq": 868, "trade_id": "195450830", "timestamp": 1639726074481, "tick_direction": 2, "price": 0.099, "mark_price": 0.09861942, "iv": 79.78, "instrument_name": "BTC-31DEC21-44000-C", "index_price": 47010.45, "direction": "sell", "amount": 0.1}, {"trade_seq": 867, "trade_id": "195450347", "timestamp": 1639725913830, "tick_direction": 0, "price": 0.1, "mark_price": 0.09967407, "iv": 79.69, "instrument_name": "BTC-31DEC21-44000-C", "index_price": 47085.31, "direction": "sell", "amount": 0.1}, {"trade_seq": 866, "trade_id": "195447409", "timestamp": 1639725045876, "tick_direction": 3, "price": 0.0985, "mark_price": 0.09854973, "iv": 79.01, "instrument_name": "BTC-31DEC21-44000-C", "index_price": 47008.25, "direction": "sell", "amount": 2.1}, {"trade_seq": 865, "trade_id": "195447363", "timestamp": 1639725044862, "tick_direction": 3, "price": 0.0985, "mark_price": 0.09878916, "iv": 78.71, "instrument_name": "BTC-31DEC21-44000-C", "index_price": 47022.52, "direction": "sell", "amount": 0.1}, {"trade_seq": 864, "trade_id": "195447360", "timestamp": 1639725044818, "tick_direction": 3, "price": 0.0985, "mark_price": 0.09878916, "iv": 78.71, "instrument_name": "BTC-31DEC21-44000-C", "index_price": 47022.52, "direction": "sell", "amount": 0.1}, {"trade_seq": 863, "trade_id": "195447358", "timestamp": 1639725044773, "tick_direction": 3, "price": 0.0985, "mark_price": 0.09878916, "iv": 78.71, "instrument_name": "BTC-31DEC21-44000-C", "index_price": 47022.52, "direction": "sell", "amount": 5.8}, {"trade_seq": 862, "trade_id": "195447285", "timestamp": 1639725043810, "tick_direction": 3, "price": 0.0985, "mark_price": 0.09882196, "iv": 78.36, "instrument_name": "BTC-31DEC21-44000-C", "index_price": 47040.33, "direction": "sell", "amount": 0.2}, {"trade_seq": 861, "trade_id": "195447284", "timestamp": 1639725043788, "tick_direction": 3, "price": 0.0985, "mark_price": 0.09882196, "iv": 78.36, "instrument_name": "BTC-31DEC21-44000-C", "index_price": 47040.33, "direction": "sell", "amount": 0.1}, {"trade_seq": 860, "trade_id": "195447283", "timestamp": 1639725043768, "tick_direction": 2, "price": 0.0985, "mark_price": 0.09882196, "iv": 78.36, "instrument_name": "BTC-31DEC21-44000-C", "index_price": 47040.33, "direction": "sell", "amount": 1.6}, {"trade_seq": 859, "trade_id": "195347333", "timestamp": 1639653576687, "tick_direction": 0, "price": 0.127, "mark_price": 0.12691463, "iv": 80.75, "instrument_name": "BTC-31DEC21-44000-C", "index_price": 48946.35, "direction": "buy", "amount": 0.1}, {"trade_seq": 858, "trade_id": "195347252", "timestamp": 1639653456060, "tick_direction": 0, "price": 0.126, "mark_price": 0.12660989, "iv": 79.67, "instrument_name": "BTC-31DEC21-44000-C", "index_price": 48919.34, "direction": "buy", "amount": 0.1}, {"trade_seq": 857, "trade_id": "195347249", "timestamp": 1639653449853, "tick_direction": 2, "price": 0.125, "mark_price": 0.1266324, "iv": 77.97, "instrument_name": "BTC-31DEC21-44000-C", "index_price": 48920.07, "direction": "buy", "amount": 0.1}, {"trade_seq": 856, "trade_id": "195300941", "timestamp": 1639605411413, "tick_direction": 0, "price": 0.134, "mark_price": 0.13331543, "iv": 84.26, "instrument_name": "BTC-31DEC21-44000-C", "index_price": 49250.93, "direction": "buy", "amount": 0.1}, {"trade_seq": 855, "trade_id": "194937458", "timestamp": 1639423969349, "tick_direction": 3, "price": 0.0975, "mark_price": 0.09761499, "iv": 85.59, "instrument_name": "BTC-31DEC21-44000-C", "index_price": 46017.07, "direction": "sell", "amount": 1.6}, {"trade_seq": 854, "trade_id": "194937457", "timestamp": 1639423969349, "tick_direction": 2, "price": 0.0975, "mark_price": 0.09761499, "iv": 85.59, "instrument_name": "BTC-31DEC21-44000-C", "index_price": 46017.07, "direction": "sell", "amount": 0.1}, {"trade_seq": 853, "trade_id": "194934145", "timestamp": 1639423909566, "tick_direction": 2, "price": 0.1, "mark_price": 0.10042353, "iv": 85.51, "instrument_name": "BTC-31DEC21-44000-C", "index_price": 46197.17, "direction": "sell", "amount": 0.1}, {"trade_seq": 852, "trade_id": "194933863", "timestamp": 1639423902216, "tick_direction": 0, "price": 0.1015, "mark_price": 0.10123274, "iv": 85.89, "instrument_name": "BTC-31DEC21-44000-C", "index_price": 46282.08, "direction": "sell", "amount": 0.2}, {"trade_seq": 851, "trade_id": "194932481", "timestamp": 1639423811455, "tick_direction": 2, "price": 0.101, "mark_price": 0.10147181, "iv": 84.97, "instrument_name": "BTC-31DEC21-44000-C", "index_price": 46319.93, "direction": "sell", "amount": 0.2}, {"trade_seq": 850, "trade_id": "194919008", "timestamp": 1639423544645, "tick_direction": 2, "price": 0.1025, "mark_price": 0.10298819, "iv": 85.75, "instrument_name": "BTC-31DEC21-44000-C", "index_price": 46383.18, "direction": "sell", "amount": 0.1}, {"trade_seq": 849, "trade_id": "194918577", "timestamp": 1639423541968, "tick_direction": 2, "price": 0.105, "mark_price": 0.1043784, "iv": 85.9, "instrument_name": "BTC-31DEC21-44000-C", "index_price": 46527.59, "direction": "sell", "amount": 0.1}, {"trade_seq": 848, "trade_id": "194902422", "timestamp": 1639415426586, "tick_direction": 0, "price": 0.1195, "mark_price": 0.1204183, "iv": 84.16, "instrument_name": "BTC-31DEC21-44000-C", "index_price": 47799.96, "direction": "sell", "amount": 0.1}, {"trade_seq": 847, "trade_id": "194900124", "timestamp": 1639415393207, "tick_direction": 0, "price": 0.1185, "mark_price": 0.11816983, "iv": 85.65, "instrument_name": "BTC-31DEC21-44000-C", "index_price": 47669.05, "direction": "buy", "amount": 0.1}, {"trade_seq": 846, "trade_id": "194892232", "timestamp": 1639413331754, "tick_direction": 0, "price": 0.111, "mark_price": 0.11031507, "iv": 86.47, "instrument_name": "BTC-31DEC21-44000-C", "index_price": 47005.41, "direction": "sell", "amount": 0.1}, {"trade_seq": 845, "trade_id": "194886369", "timestamp": 1639412717062, "tick_direction": 2, "price": 0.1075, "mark_price": 0.10799381, "iv": 85.62, "instrument_name": "BTC-31DEC21-44000-C", "index_price": 46782.62, "direction": "sell", "amount": 0.1}, {"trade_seq": 844, "trade_id": "194885602", "timestamp": 1639412696250, "tick_direction": 2, "price": 0.11, "mark_price": 0.11017446, "iv": 85.96, "instrument_name": "BTC-31DEC21-44000-C", "index_price": 46956.51, "direction": "sell", "amount": 0.1}, {"trade_seq": 843, "trade_id": "194877213", "timestamp": 1639410914498, "tick_direction": 2, "price": 0.1125, "mark_price": 0.11237766, "iv": 86.22, "instrument_name": "BTC-31DEC21-44000-C", "index_price": 47135.86, "direction": "sell", "amount": 0.1}, {"trade_seq": 842, "trade_id": "194580109", "timestamp": 1639180468683, "tick_direction": 2, "price": 0.115, "mark_price": 0.11547957, "iv": 84.62, "instrument_name": "BTC-31DEC21-44000-C", "index_price": 46983.66, "direction": "sell", "amount": 0.1}, {"trade_seq": 841, "trade_id": "194578081", "timestamp": 1639180360652, "tick_direction": 2, "price": 0.1175, "mark_price": 0.11755627, "iv": 84.7, "instrument_name": "BTC-31DEC21-44000-C", "index_price": 47214.05, "direction": "sell", "amount": 0.1}, {"trade_seq": 840, "trade_id": "194550977", "timestamp": 1639165118351, "tick_direction": 0, "price": 0.13, "mark_price": 0.13000093, "iv": 85.15, "instrument_name": "BTC-31DEC21-44000-C", "index_price": 48172.13, "direction": "buy", "amount": 0.1}, {"trade_seq": 839, "trade_id": "194391420", "timestamp": 1639094265905, "tick_direction": 2, "price": 0.1265, "mark_price": 0.1262104, "iv": 86.22, "instrument_name": "BTC-31DEC21-44000-C", "index_price": 47671.66, "direction": "sell", "amount": 0.1}, {"trade_seq": 838, "trade_id": "194391326", "timestamp": 1639094261297, "tick_direction": 2, "price": 0.1275, "mark_price": 0.12709388, "iv": 86.39, "instrument_name": "BTC-31DEC21-44000-C", "index_price": 47738.87, "direction": "sell", "amount": 0.1}, {"trade_seq": 837, "trade_id": "194019454", "timestamp": 1638889339584, "tick_direction": 1, "price": 0.18, "mark_price": 0.18064734, "iv": 86.55, "instrument_name": "BTC-31DEC21-44000-C", "index_price": 51705.27, "direction": "buy", "amount": 2.2}, {"trade_seq": 836, "trade_id": "194019451", "timestamp": 1638889339502, "tick_direction": 1, "price": 0.18, "mark_price": 0.18064734, "iv": 86.55, "instrument_name": "BTC-31DEC21-44000-C", "index_price": 51705.27, "direction": "buy", "amount": 1.2}, {"trade_seq": 835, "trade_id": "194019447", "timestamp": 1638889339474, "tick_direction": 1, "price": 0.18, "mark_price": 0.18064734, "iv": 86.55, "instrument_name": "BTC-31DEC21-44000-C", "index_price": 51705.27, "direction": "buy", "amount": 2.9}, {"trade_seq": 834, "trade_id": "194019265", "timestamp": 1638889338235, "tick_direction": 1, "price": 0.18, "mark_price": 0.18025041, "iv": 86.55, "instrument_name": "BTC-31DEC21-44000-C", "index_price": 51686.86, "direction": "buy", "amount": 2.1}, {"trade_seq": 833, "trade_id": "194019258", "timestamp": 1638889338131, "tick_direction": 1, "price": 0.18, "mark_price": 0.18025041, "iv": 86.55, "instrument_name": "BTC-31DEC21-44000-C", "index_price": 51686.86, "direction": "buy", "amount": 3.1}, {"trade_seq": 832, "trade_id": "194019236", "timestamp": 1638889337723, "tick_direction": 0, "price": 0.18, "mark_price": 0.18023365, "iv": 87.12, "instrument_name": "BTC-31DEC21-44000-C", "index_price": 51653.87, "direction": "buy", "amount": 14.0}, {"trade_seq": 831, "trade_id": "193984293", "timestamp": 1638870336067, "tick_direction": 0, "price": 0.1765, "mark_price": 0.1766722, "iv": 87.2, "instrument_name": "BTC-31DEC21-44000-C", "index_price": 51360.97, "direction": "buy", "amount": 0.2}, {"trade_seq": 830, "trade_id": "193889189", "timestamp": 1638827338664, "tick_direction": 0, "price": 0.1595, "mark_price": 0.15921516, "iv": 87.32, "instrument_name": "BTC-31DEC21-44000-C", "index_price": 49933.53, "direction": "buy", "amount": 1.0}, {"trade_seq": 829, "trade_id": "193889184", "timestamp": 1638827338563, "tick_direction": 0, "price": 0.159, "mark_price": 0.15921516, "iv": 86.7, "instrument_name": "BTC-31DEC21-44000-C", "index_price": 49933.53, "direction": "buy", "amount": 0.2}, {"trade_seq": 828, "trade_id": "193818466", "timestamp": 1638801268206, "tick_direction": 2, "price": 0.137, "mark_price": 0.1369742, "iv": 86.32, "instrument_name": "BTC-31DEC21-44000-C", "index_price": 48138.12, "direction": "sell", "amount": 0.1}, {"trade_seq": 827, "trade_id": "193435754", "timestamp": 1638639925436, "tick_direction": 0, "price": 0.138, "mark_price": 0.13872757, "iv": 84.63, "instrument_name": "BTC-31DEC21-44000-C", "index_price": 48190.28, "direction": "buy", "amount": 0.1}, {"trade_seq": 826, "trade_id": "193355064", "timestamp": 1638615417464, "tick_direction": 2, "price": 0.133, "mark_price": 0.13281776, "iv": 86.7, "instrument_name": "BTC-31DEC21-44000-C", "index_price": 47453.93, "direction": "buy", "amount": 0.2}, {"trade_seq": 825, "trade_id": "193332766", "timestamp": 1638607943266, "tick_direction": 0, "price": 0.135, "mark_price": 0.13478078, "iv": 86.24, "instrument_name": "BTC-31DEC21-44000-C", "index_price": 47682.95, "direction": "sell", "amount": 0.2}, {"trade_seq": 824, "trade_id": "193332152", "timestamp": 1638607859469, "tick_direction": 0, "price": 0.134, "mark_price": 0.1337567, "iv": 86.36, "instrument_name": "BTC-31DEC21-44000-C", "index_price": 47591.19, "direction": "buy", "amount": 1.0}, {"trade_seq": 823, "trade_id": "193230616", "timestamp": 1638596677852, "tick_direction": 2, "price": 0.13, "mark_price": 0.12532948, "iv": 94.22, "instrument_name": "BTC-31DEC21-44000-C", "index_price": 47037.32, "direction": "sell", "amount": 0.1}, {"trade_seq": 822, "trade_id": "193122540", "timestamp": 1638593636728, "tick_direction": 2, "price": 0.1755, "mark_price": 0.17683038, "iv": 82.05, "instrument_name": "BTC-31DEC21-44000-C", "index_price": 51351.35, "direction": "sell", "amount": 0.2}, {"trade_seq": 821, "trade_id": "192843740", "timestamp": 1638469546170, "tick_direction": 2, "price": 0.24, "mark_price": 0.2403939, "iv": 87.25, "instrument_name": "BTC-31DEC21-44000-C", "index_price": 56298.08, "direction": "buy", "amount": 0.1}, {"trade_seq": 820, "trade_id": "192792160", "timestamp": 1638444535203, "tick_direction": 2, "price": 0.2465, "mark_price": 0.24265559, "iv": 94.04, "instrument_name": "BTC-31DEC21-44000-C", "index_price": 56488.47, "direction": "buy", "amount": 0.2}, {"trade_seq": 819, "trade_id": "192485044", "timestamp": 1638285155616, "tick_direction": 0, "price": 0.2735, "mark_price": 0.27374999, "iv": 88.44, "instrument_name": "BTC-31DEC21-44000-C", "index_price": 58951.85, "direction": "buy", "amount": 0.1}, {"trade_seq": 818, "trade_id": "192434712", "timestamp": 1638264563138, "tick_direction": 2, "price": 0.2445, "mark_price": 0.24505099, "iv": 86.18, "instrument_name": "BTC-31DEC21-44000-C", "index_price": 56538.72, "direction": "buy", "amount": 3.0}, {"trade_seq": 817, "trade_id": "192313706", "timestamp": 1638206913679, "tick_direction": 0, "price": 0.271, "mark_price": 0.2700277, "iv": 90.32, "instrument_name": "BTC-31DEC21-44000-C", "index_price": 58613.53, "direction": "sell", "amount": 1.0}, {"trade_seq": 816, "trade_id": "191530710", "timestamp": 1637800689811, "tick_direction": 0, "price": 0.27, "mark_price": 0.27018849, "iv": 95.06, "instrument_name": "BTC-31DEC21-44000-C", "index_price": 57686.69, "direction": "sell", "amount": 1.0}, {"trade_seq": 815, "trade_id": "191438912", "timestamp": 1637755203225, "tick_direction": 2, "price": 0.257, "mark_price": 0.25862576, "iv": 92.43, "instrument_name": "BTC-31DEC21-44000-C", "index_price": 56648.5, "direction": "sell", "amount": 0.2}, {"trade_seq": 814, "trade_id": "191369078", "timestamp": 1637716102341, "tick_direction": 0, "price": 0.265, "mark_price": 0.2678233, "iv": 89.96, "instrument_name": "BTC-31DEC21-44000-C", "index_price": 57557.55, "direction": "sell", "amount": 0.1}, {"trade_seq": 813, "trade_id": "191323211", "timestamp": 1637688902302, "tick_direction": 0, "price": 0.264, "mark_price": 0.26796541, "iv": 88.51, "instrument_name": "BTC-31DEC21-44000-C", "index_price": 57514.57, "direction": "sell", "amount": 0.1}, {"trade_seq": 812, "trade_id": "191238772", "timestamp": 1637664662120, "tick_direction": 2, "price": 0.2575, "mark_price": 0.26101391, "iv": 84.74, "instrument_name": "BTC-31DEC21-44000-C", "index_price": 57044.13, "direction": "sell", "amount": 0.1}, {"trade_seq": 811, "trade_id": "191235056", "timestamp": 1637663631053, "tick_direction": 0, "price": 0.2585, "mark_price": 0.26245705, "iv": 84.44, "instrument_name": "BTC-31DEC21-44000-C", "index_price": 57178.41, "direction": "sell", "amount": 0.1}, {"trade_seq": 810, "trade_id": "191098786", "timestamp": 1637609857638, "tick_direction": 2, "price": 0.251, "mark_price": 0.25155282, "iv": 89.23, "instrument_name": "BTC-31DEC21-44000-C", "index_price": 56170.2, "direction": "sell", "amount": 0.2}, {"trade_seq": 809, "trade_id": "190810195", "timestamp": 1637423049597, "tick_direction": 2, "price": 0.2695, "mark_price": 0.26937928, "iv": 90.13, "instrument_name": "BTC-31DEC21-44000-C", "index_price": 57680.61, "direction": "sell", "amount": 0.2}, {"trade_seq": 808, "trade_id": "190434698", "timestamp": 1637249444200, "tick_direction": 2, "price": 0.2845, "mark_price": 0.28463485, "iv": 92.08, "instrument_name": "BTC-31DEC21-44000-C", "index_price": 58880.28, "direction": "buy", "amount": 0.2}, {"trade_seq": 807, "trade_id": "189918798", "timestamp": 1637046014307, "tick_direction": 2, "price": 0.306, "mark_price": 0.3061191, "iv": 92.26, "instrument_name": "BTC-31DEC21-44000-C", "index_price": 60925.65, "direction": "buy", "amount": 0.2}, {"trade_seq": 806, "trade_id": "189899904", "timestamp": 1637041211730, "tick_direction": 0, "price": 0.307, "mark_price": 0.3076695, "iv": 91.49, "instrument_name": "BTC-31DEC21-44000-C", "index_price": 61128.37, "direction": "sell", "amount": 1.0}, {"trade_seq": 805, "trade_id": "189880790", "timestamp": 1637036609369, "tick_direction": 2, "price": 0.303, "mark_price": 0.30187338, "iv": 92.19, "instrument_name": "BTC-31DEC21-44000-C", "index_price": 60705.22, "direction": "buy", "amount": 0.2}, {"trade_seq": 804, "trade_id": "189808995", "timestamp": 1637024700900, "tick_direction": 2, "price": 0.3135, "mark_price": 0.3134827, "iv": 90.74, "instrument_name": "BTC-31DEC21-44000-C", "index_price": 61729.37, "direction": "sell", "amount": 0.2}, {"trade_seq": 803, "trade_id": "189804539", "timestamp": 1637024608048, "tick_direction": 2, "price": 0.3185, "mark_price": 0.31929335, "iv": 89.57, "instrument_name": "BTC-31DEC21-44000-C", "index_price": 62219.61, "direction": "sell", "amount": 0.2}, {"trade_seq": 802, "trade_id": "189692605", "timestamp": 1636976417352, "tick_direction": 0, "price": 0.3535, "mark_price": 0.35337437, "iv": 91.66, "instrument_name": "BTC-31DEC21-44000-C", "index_price": 65810.98, "direction": "buy", "amount": 0.2}, {"trade_seq": 801, "trade_id": "189595385", "timestamp": 1636908811267, "tick_direction": 2, "price": 0.333, "mark_price": 0.33258735, "iv": 91.02, "instrument_name": "BTC-31DEC21-44000-C", "index_price": 63630.51, "direction": "sell", "amount": 0.2}, {"trade_seq": 800, "trade_id": "189043369", "timestamp": 1636579246613, "tick_direction": 2, "price": 0.346, "mark_price": 0.34672294, "iv": 89.43, "instrument_name": "BTC-31DEC21-44000-C", "index_price": 64568.68, "direction": "sell", "amount": 0.2}, {"trade_seq": 799, "trade_id": "188640148", "timestamp": 1636389028501, "tick_direction": 0, "price": 0.3635, "mark_price": 0.36610414, "iv": 87.44, "instrument_name": "BTC-31DEC21-44000-C", "index_price": 66065.11, "direction": "sell", "amount": 0.1}, {"trade_seq": 798, "trade_id": "187914286", "timestamp": 1635946882970, "tick_direction": 2, "price": 0.3325, "mark_price": 0.33236384, "iv": 88.79, "instrument_name": "BTC-31DEC21-44000-C", "index_price": 62270.47, "direction": "sell", "amount": 0.2}, {"trade_seq": 797, "trade_id": "187910528", "timestamp": 1635945677269, "tick_direction": 2, "price": 0.3335, "mark_price": 0.33385247, "iv": 88.03, "instrument_name": "BTC-31DEC21-44000-C", "index_price": 62463.02, "direction": "sell", "amount": 1.9}, {"trade_seq": 796, "trade_id": "187909808", "timestamp": 1635945054718, "tick_direction": 2, "price": 0.335, "mark_price": 0.33514358, "iv": 88.42, "instrument_name": "BTC-31DEC21-44000-C", "index_price": 62593.95, "direction": "sell", "amount": 0.2}, {"trade_seq": 795, "trade_id": "187909454", "timestamp": 1635944715695, "tick_direction": 2, "price": 0.336, "mark_price": 0.33626425, "iv": 88.38, "instrument_name": "BTC-31DEC21-44000-C", "index_price": 62684.19, "direction": "sell", "amount": 0.2}, {"trade_seq": 794, "trade_id": "187899002", "timestamp": 1635941192072, "tick_direction": 2, "price": 0.34, "mark_price": 0.34047893, "iv": 88.84, "instrument_name": "BTC-31DEC21-44000-C", "index_price": 63052.0, "direction": "sell", "amount": 0.2}, {"trade_seq": 793, "trade_id": "187873480", "timestamp": 1635908973708, "tick_direction": 3, "price": 0.3425, "mark_price": 0.34233509, "iv": 90.64, "instrument_name": "BTC-31DEC21-44000-C", "index_price": 63086.7, "direction": "sell", "amount": 0.8}, {"trade_seq": 792, "trade_id": "187873462", "timestamp": 1635908949620, "tick_direction": 2, "price": 0.3425, "mark_price": 0.34230899, "iv": 90.68, "instrument_name": "BTC-31DEC21-44000-C", "index_price": 63084.58, "direction": "sell", "amount": 1.2}, {"trade_seq": 791, "trade_id": "187873336", "timestamp": 1635908796711, "tick_direction": 3, "price": 0.343, "mark_price": 0.34256826, "iv": 91.1, "instrument_name": "BTC-31DEC21-44000-C", "index_price": 63099.53, "direction": "sell", "amount": 2.0}, {"trade_seq": 790, "trade_id": "187873240", "timestamp": 1635908761973, "tick_direction": 3, "price": 0.343, "mark_price": 0.34282285, "iv": 90.77, "instrument_name": "BTC-31DEC21-44000-C", "index_price": 63132.41, "direction": "sell", "amount": 0.8}, {"trade_seq": 789, "trade_id": "187873228", "timestamp": 1635908737079, "tick_direction": 2, "price": 0.343, "mark_price": 0.34281211, "iv": 90.8, "instrument_name": "BTC-31DEC21-44000-C", "index_price": 63130.64, "direction": "sell", "amount": 1.2}, {"trade_seq": 788, "trade_id": "187873134", "timestamp": 1635908604042, "tick_direction": 1, "price": 0.3435, "mark_price": 0.34305367, "iv": 91.24, "instrument_name": "BTC-31DEC21-44000-C", "index_price": 63148.31, "direction": "sell", "amount": 2.0}, {"trade_seq": 787, "trade_id": "187872857", "timestamp": 1635908447463, "tick_direction": 0, "price": 0.3435, "mark_price": 0.34310306, "iv": 91.29, "instrument_name": "BTC-31DEC21-44000-C", "index_price": 63135.33, "direction": "sell", "amount": 2.0}, {"trade_seq": 786, "trade_id": "187871146", "timestamp": 1635906354065, "tick_direction": 1, "price": 0.3415, "mark_price": 0.3414337, "iv": 90.37, "instrument_name": "BTC-31DEC21-44000-C", "index_price": 62990.77, "direction": "sell", "amount": 0.9}, {"trade_seq": 785, "trade_id": "187871000", "timestamp": 1635906082031, "tick_direction": 1, "price": 0.3415, "mark_price": 0.34125933, "iv": 90.52, "instrument_name": "BTC-31DEC21-44000-C", "index_price": 62994.18, "direction": "sell", "amount": 1.0}, {"trade_seq": 784, "trade_id": "187870879", "timestamp": 1635905914230, "tick_direction": 1, "price": 0.3415, "mark_price": 0.34097133, "iv": 90.86, "instrument_name": "BTC-31DEC21-44000-C", "index_price": 62965.15, "direction": "sell", "amount": 1.0}, {"trade_seq": 783, "trade_id": "187870762", "timestamp": 1635905872605, "tick_direction": 0, "price": 0.3415, "mark_price": 0.34084508, "iv": 91.02, "instrument_name": "BTC-31DEC21-44000-C", "index_price": 62953.63, "direction": "sell", "amount": 1.0}, {"trade_seq": 782, "trade_id": "187870221", "timestamp": 1635905284760, "tick_direction": 2, "price": 0.3405, "mark_price": 0.34039193, "iv": 90.5, "instrument_name": "BTC-31DEC21-44000-C", "index_price": 62859.09, "direction": "sell", "amount": 1.0}, {"trade_seq": 781, "trade_id": "187810127", "timestamp": 1635866249681, "tick_direction": 0, "price": 0.3475, "mark_price": 0.34756302, "iv": 90.77, "instrument_name": "BTC-31DEC21-44000-C", "index_price": 63530.64, "direction": "sell", "amount": 0.5}, {"trade_seq": 780, "trade_id": "186780070", "timestamp": 1635336340536, "tick_direction": 0, "price": 0.304, "mark_price": 0.30456204, "iv": 91.3, "instrument_name": "BTC-31DEC21-44000-C", "index_price": 58637.87, "direction": "sell", "amount": 0.4}, {"trade_seq": 779, "trade_id": "186777891", "timestamp": 1635336157285, "tick_direction": 2, "price": 0.302, "mark_price": 0.30245152, "iv": 91.46, "instrument_name": "BTC-31DEC21-44000-C", "index_price": 58387.21, "direction": "sell", "amount": 0.4}, {"trade_seq": 778, "trade_id": "186696465", "timestamp": 1635321734753, "tick_direction": 0, "price": 0.3125, "mark_price": 0.308991, "iv": 94.69, "instrument_name": "BTC-31DEC21-44000-C", "index_price": 59158.58, "direction": "sell", "amount": 0.4}, {"trade_seq": 777, "trade_id": "186695137", "timestamp": 1635321726054, "tick_direction": 2, "price": 0.312, "mark_price": 0.30985052, "iv": 93.25, "instrument_name": "BTC-31DEC21-44000-C", "index_price": 59256.13, "direction": "sell", "amount": 0.4}, {"trade_seq": 776, "trade_id": "186584017", "timestamp": 1635284673373, "tick_direction": 0, "price": 0.334, "mark_price": 0.33397731, "iv": 90.31, "instrument_name": "BTC-31DEC21-44000-C", "index_price": 61529.23, "direction": "sell", "amount": 0.4}, {"trade_seq": 775, "trade_id": "186167285", "timestamp": 1634988084622, "tick_direction": 0, "price": 0.331, "mark_price": 0.33154831, "iv": 90.23, "instrument_name": "BTC-31DEC21-44000-C", "index_price": 61044.81, "direction": "buy", "amount": 0.4}, {"trade_seq": 774, "trade_id": "186134457", "timestamp": 1634974862223, "tick_direction": 2, "price": 0.3275, "mark_price": 0.32822236, "iv": 89.15, "instrument_name": "BTC-31DEC21-44000-C", "index_price": 60815.84, "direction": "buy", "amount": 0.4}, {"trade_seq": 773, "trade_id": "186123422", "timestamp": 1634963791848, "tick_direction": 0, "price": 0.3335, "mark_price": 0.33315871, "iv": 91.34, "instrument_name": "BTC-31DEC21-44000-C", "index_price": 61241.92, "direction": "sell", "amount": 0.4}, {"trade_seq": 772, "trade_id": "186119188", "timestamp": 1634960251240, "tick_direction": 0, "price": 0.331, "mark_price": 0.3317854, "iv": 90.18, "instrument_name": "BTC-31DEC21-44000-C", "index_price": 61080.37, "direction": "buy", "amount": 0.4}, {"trade_seq": 771, "trade_id": "186057520", "timestamp": 1634919606398, "tick_direction": 2, "price": 0.328, "mark_price": 0.32753433, "iv": 90.28, "instrument_name": "BTC-31DEC21-44000-C", "index_price": 60672.89, "direction": "buy", "amount": 0.4}, {"trade_seq": 770, "trade_id": "185904475", "timestamp": 1634865625776, "tick_direction": 0, "price": 0.352, "mark_price": 0.35241763, "iv": 93.09, "instrument_name": "BTC-31DEC21-44000-C", "index_price": 62937.1, "direction": "buy", "amount": 0.4}, {"trade_seq": 769, "trade_id": "185832116", "timestamp": 1634838641892, "tick_direction": 2, "price": 0.35, "mark_price": 0.35082183, "iv": 93.47, "instrument_name": "BTC-31DEC21-44000-C", "index_price": 62630.08, "direction": "buy", "amount": 0.4}, {"trade_seq": 768, "trade_id": "185812171", "timestamp": 1634833677451, "tick_direction": 0, "price": 0.358, "mark_price": 0.35808844, "iv": 94.74, "instrument_name": "BTC-31DEC21-44000-C", "index_price": 63463.33, "direction": "buy", "amount": 0.4}, {"trade_seq": 767, "trade_id": "185790768", "timestamp": 1634830166671, "tick_direction": 2, "price": 0.308, "mark_price": 0.34742147, "iv": 0.0, "instrument_name": "BTC-31DEC21-44000-C", "index_price": 62206.05, "direction": "buy", "amount": 0.2}, {"trade_seq": 766, "trade_id": "185759272", "timestamp": 1634826346296, "tick_direction": 2, "price": 0.372, "mark_price": 0.35795166, "iv": 109.66, "instrument_name": "BTC-31DEC21-44000-C", "index_price": 63282.52, "direction": "buy", "amount": 0.2}, {"trade_seq": 765, "trade_id": "185578092", "timestamp": 1634780810186, "tick_direction": 0, "price": 0.376, "mark_price": 0.37559701, "iv": 95.7, "instrument_name": "BTC-31DEC21-44000-C", "index_price": 65351.16, "direction": "sell", "amount": 0.2}, {"trade_seq": 764, "trade_id": "185576316", "timestamp": 1634780497184, "tick_direction": 0, "price": 0.374, "mark_price": 0.37470263, "iv": 94.38, "instrument_name": "BTC-31DEC21-44000-C", "index_price": 65260.23, "direction": "buy", "amount": 0.2}, {"trade_seq": 763, "trade_id": "184900023", "timestamp": 1634500952099, "tick_direction": 2, "price": 0.305, "mark_price": 0.32131259, "iv": 75.49, "instrument_name": "BTC-31DEC21-44000-C", "index_price": 59661.78, "direction": "sell", "amount": 0.2}, {"trade_seq": 762, "trade_id": "184848895", "timestamp": 1634465171282, "tick_direction": 2, "price": 0.339, "mark_price": 0.3389292, "iv": 92.42, "instrument_name": "BTC-31DEC21-44000-C", "index_price": 61310.01, "direction": "buy", "amount": 0.1}, {"trade_seq": 761, "trade_id": "184608244", "timestamp": 1634318681273, "tick_direction": 0, "price": 0.3495, "mark_price": 0.34933165, "iv": 97.53, "instrument_name": "BTC-31DEC21-44000-C", "index_price": 61464.57, "direction": "sell", "amount": 0.2}, {"trade_seq": 760, "trade_id": "184608221", "timestamp": 1634318666653, "tick_direction": 2, "price": 0.3485, "mark_price": 0.34936862, "iv": 96.57, "instrument_name": "BTC-31DEC21-44000-C", "index_price": 61464.8, "direction": "buy", "amount": 0.2}, {"trade_seq": 759, "trade_id": "184603836", "timestamp": 1634317796594, "tick_direction": 0, "price": 0.35, "mark_price": 0.35037757, "iv": 99.01, "instrument_name": "BTC-31DEC21-44000-C", "index_price": 61326.66, "direction": "buy", "amount": 2.0}, {"trade_seq": 758, "trade_id": "184498551", "timestamp": 1634288378087, "tick_direction": 2, "price": 0.328, "mark_price": 0.32781889, "iv": 97.59, "instrument_name": "BTC-31DEC21-44000-C", "index_price": 58943.67, "direction": "sell", "amount": 0.2}, {"trade_seq": 757, "trade_id": "184496016", "timestamp": 1634287439138, "tick_direction": 0, "price": 0.329, "mark_price": 0.3290869, "iv": 96.97, "instrument_name": "BTC-31DEC21-44000-C", "index_price": 59134.85, "direction": "buy", "amount": 0.2}, {"trade_seq": 756, "trade_id": "184368425", "timestamp": 1634238912055, "tick_direction": 2, "price": 0.2585, "mark_price": 0.30585836, "iv": 49.76, "instrument_name": "BTC-31DEC21-44000-C", "index_price": 56900.68, "direction": "buy", "amount": 0.2}, {"trade_seq": 755, "trade_id": "184302657", "timestamp": 1634218690266, "tick_direction": 2, "price": 0.3065, "mark_price": 0.30816326, "iv": 90.19, "instrument_name": "BTC-31DEC21-44000-C", "index_price": 57476.01, "direction": "sell", "amount": 0.2}, {"trade_seq": 754, "trade_id": "184284563", "timestamp": 1634207862706, "tick_direction": 0, "price": 0.311, "mark_price": 0.30995004, "iv": 92.45, "instrument_name": "BTC-31DEC21-44000-C", "index_price": 57677.66, "direction": "buy", "amount": 0.2}, {"trade_seq": 753, "trade_id": "184282689", "timestamp": 1634205812313, "tick_direction": 0, "price": 0.305, "mark_price": 0.30647486, "iv": 90.47, "instrument_name": "BTC-31DEC21-44000-C", "index_price": 57272.49, "direction": "sell", "amount": 0.2}, {"trade_seq": 752, "trade_id": "184281065", "timestamp": 1634203619333, "tick_direction": 2, "price": 0.3045, "mark_price": 0.30625679, "iv": 90.11, "instrument_name": "BTC-31DEC21-44000-C", "index_price": 57281.78, "direction": "sell", "amount": 0.2}, {"trade_seq": 751, "trade_id": "184280142", "timestamp": 1634203388055, "tick_direction": 1, "price": 0.308, "mark_price": 0.30736752, "iv": 92.1, "instrument_name": "BTC-31DEC21-44000-C", "index_price": 57412.4, "direction": "sell", "amount": 0.2}, {"trade_seq": 750, "trade_id": "184273843", "timestamp": 1634198397075, "tick_direction": 0, "price": 0.308, "mark_price": 0.30739973, "iv": 92.19, "instrument_name": "BTC-31DEC21-44000-C", "index_price": 57379.99, "direction": "sell", "amount": 0.2}, {"trade_seq": 749, "trade_id": "184169061", "timestamp": 1634141842069, "tick_direction": 2, "price": 0.295, "mark_price": 0.29686197, "iv": 90.36, "instrument_name": "BTC-31DEC21-44000-C", "index_price": 56223.86, "direction": "buy", "amount": 0.2}, {"trade_seq": 748, "trade_id": "184167124", "timestamp": 1634140688679, "tick_direction": 3, "price": 0.2955, "mark_price": 0.29675732, "iv": 90.97, "instrument_name": "BTC-31DEC21-44000-C", "index_price": 56181.66, "direction": "buy", "amount": 0.2}, {"trade_seq": 747, "trade_id": "184167003", "timestamp": 1634140638757, "tick_direction": 2, "price": 0.2955, "mark_price": 0.29651903, "iv": 91.18, "instrument_name": "BTC-31DEC21-44000-C", "index_price": 56157.75, "direction": "buy", "amount": 0.2}, {"trade_seq": 746, "trade_id": "184165409", "timestamp": 1634139625444, "tick_direction": 0, "price": 0.2965, "mark_price": 0.29703282, "iv": 91.7, "instrument_name": "BTC-31DEC21-44000-C", "index_price": 56188.1, "direction": "buy", "amount": 0.2}, {"trade_seq": 745, "trade_id": "184165122", "timestamp": 1634139526229, "tick_direction": 2, "price": 0.296, "mark_price": 0.29691264, "iv": 91.39, "instrument_name": "BTC-31DEC21-44000-C", "index_price": 56180.38, "direction": "buy", "amount": 0.2}, {"trade_seq": 744, "trade_id": "183900454", "timestamp": 1633993305892, "tick_direction": 2, "price": 0.3005, "mark_price": 0.30446335, "iv": 87.07, "instrument_name": "BTC-31DEC21-44000-C", "index_price": 57120.0, "direction": "sell", "amount": 0.1}, {"trade_seq": 743, "trade_id": "183857673", "timestamp": 1633962862121, "tick_direction": 0, "price": 0.31, "mark_price": 0.31032335, "iv": 91.02, "instrument_name": "BTC-31DEC21-44000-C", "index_price": 57591.44, "direction": "buy", "amount": 0.2}, {"trade_seq": 742, "trade_id": "183800896", "timestamp": 1633935864740, "tick_direction": 0, "price": 0.303, "mark_price": 0.30296894, "iv": 90.22, "instrument_name": "BTC-31DEC21-44000-C", "index_price": 56884.67, "direction": "buy", "amount": 0.1}, {"trade_seq": 741, "trade_id": "183648904", "timestamp": 1633841705573, "tick_direction": 0, "price": 0.296, "mark_price": 0.29338188, "iv": 91.09, "instrument_name": "BTC-31DEC21-44000-C", "index_price": 55865.84, "direction": "buy", "amount": 0.2}, {"trade_seq": 740, "trade_id": "183646476", "timestamp": 1633841370380, "tick_direction": 0, "price": 0.2915, "mark_price": 0.2910226, "iv": 89.33, "instrument_name": "BTC-31DEC21-44000-C", "index_price": 55666.12, "direction": "sell", "amount": 0.2}, {"trade_seq": 739, "trade_id": "183646390", "timestamp": 1633841330610, "tick_direction": 0, "price": 0.2905, "mark_price": 0.29003059, "iv": 89.37, "instrument_name": "BTC-31DEC21-44000-C", "index_price": 55564.34, "direction": "sell", "amount": 0.2}, {"trade_seq": 738, "trade_id": "183643828", "timestamp": 1633841159753, "tick_direction": 0, "price": 0.2875, "mark_price": 0.28726085, "iv": 89.12, "instrument_name": "BTC-31DEC21-44000-C", "index_price": 55289.61, "direction": "sell", "amount": 0.2}, {"trade_seq": 737, "trade_id": "183603954", "timestamp": 1633796943789, "tick_direction": 0, "price": 0.283, "mark_price": 0.28244354, "iv": 89.35, "instrument_name": "BTC-31DEC21-44000-C", "index_price": 54960.54, "direction": "buy", "amount": 0.2}, {"trade_seq": 736, "trade_id": "183568589", "timestamp": 1633768554293, "tick_direction": 2, "price": 0.282, "mark_price": 0.2816552, "iv": 89.84, "instrument_name": "BTC-31DEC21-44000-C", "index_price": 54698.81, "direction": "sell", "amount": 0.2}, {"trade_seq": 735, "trade_id": "183566089", "timestamp": 1633766557406, "tick_direction": 0, "price": 0.285, "mark_price": 0.28526816, "iv": 89.91, "instrument_name": "BTC-31DEC21-44000-C", "index_price": 54983.71, "direction": "buy", "amount": 0.2}, {"trade_seq": 734, "trade_id": "183561248", "timestamp": 1633762149945, "tick_direction": 2, "price": 0.283, "mark_price": 0.28290689, "iv": 89.86, "instrument_name": "BTC-31DEC21-44000-C", "index_price": 54762.12, "direction": "sell", "amount": 0.2}, {"trade_seq": 733, "trade_id": "183559579", "timestamp": 1633761024443, "tick_direction": 0, "price": 0.2855, "mark_price": 0.28594735, "iv": 89.65, "instrument_name": "BTC-31DEC21-44000-C", "index_price": 55069.15, "direction": "buy", "amount": 0.2}, {"trade_seq": 732, "trade_id": "183558665", "timestamp": 1633760901932, "tick_direction": 0, "price": 0.285, "mark_price": 0.28594022, "iv": 89.25, "instrument_name": "BTC-31DEC21-44000-C", "index_price": 55042.54, "direction": "buy", "amount": 0.2}, {"trade_seq": 731, "trade_id": "183556138", "timestamp": 1633759815912, "tick_direction": 0, "price": 0.284, "mark_price": 0.28344235, "iv": 90.2, "instrument_name": "BTC-31DEC21-44000-C", "index_price": 54836.68, "direction": "sell", "amount": 0.2}, {"trade_seq": 730, "trade_id": "183553014", "timestamp": 1633756802910, "tick_direction": 2, "price": 0.2795, "mark_price": 0.27977729, "iv": 89.62, "instrument_name": "BTC-31DEC21-44000-C", "index_price": 54455.53, "direction": "buy", "amount": 0.2}, {"trade_seq": 729, "trade_id": "183552901", "timestamp": 1633756633727, "tick_direction": 2, "price": 0.2805, "mark_price": 0.28020319, "iv": 90.08, "instrument_name": "BTC-31DEC21-44000-C", "index_price": 54474.2, "direction": "sell", "amount": 0.2}, {"trade_seq": 728, "trade_id": "183551887", "timestamp": 1633753612219, "tick_direction": 2, "price": 0.2825, "mark_price": 0.28294251, "iv": 89.75, "instrument_name": "BTC-31DEC21-44000-C", "index_price": 54718.4, "direction": "buy", "amount": 0.2}, {"trade_seq": 727, "trade_id": "183551744", "timestamp": 1633753400759, "tick_direction": 0, "price": 0.2835, "mark_price": 0.28284457, "iv": 90.62, "instrument_name": "BTC-31DEC21-44000-C", "index_price": 54703.55, "direction": "sell", "amount": 0.2}, {"trade_seq": 726, "trade_id": "183525898", "timestamp": 1633724829737, "tick_direction": 1, "price": 0.28, "mark_price": 0.27995738, "iv": 90.0, "instrument_name": "BTC-31DEC21-44000-C", "index_price": 54427.83, "direction": "buy", "amount": 0.1}, {"trade_seq": 725, "trade_id": "183525897", "timestamp": 1633724829735, "tick_direction": 1, "price": 0.28, "mark_price": 0.27995738, "iv": 90.0, "instrument_name": "BTC-31DEC21-44000-C", "index_price": 54427.83, "direction": "buy", "amount": 1.1}, {"trade_seq": 724, "trade_id": "183525885", "timestamp": 1633724822164, "tick_direction": 1, "price": 0.28, "mark_price": 0.28008367, "iv": 89.91, "instrument_name": "BTC-31DEC21-44000-C", "index_price": 54432.8, "direction": "buy", "amount": 0.4}, {"trade_seq": 723, "trade_id": "183525884", "timestamp": 1633724822156, "tick_direction": 1, "price": 0.28, "mark_price": 0.28008367, "iv": 89.91, "instrument_name": "BTC-31DEC21-44000-C", "index_price": 54432.8, "direction": "buy", "amount": 1.7}, {"trade_seq": 722, "trade_id": "183514111", "timestamp": 1633714825043, "tick_direction": 0, "price": 0.28, "mark_price": 0.27810209, "iv": 91.11, "instrument_name": "BTC-31DEC21-44000-C", "index_price": 54230.86, "direction": "buy", "amount": 0.2}, {"trade_seq": 721, "trade_id": "183510185", "timestamp": 1633712741576, "tick_direction": 1, "price": 0.278, "mark_price": 0.2786387, "iv": 89.3, "instrument_name": "BTC-31DEC21-44000-C", "index_price": 54281.37, "direction": "sell", "amount": 0.2}, {"trade_seq": 720, "trade_id": "183509698", "timestamp": 1633712433401, "tick_direction": 1, "price": 0.278, "mark_price": 0.27899507, "iv": 89.06, "instrument_name": "BTC-31DEC21-44000-C", "index_price": 54325.47, "direction": "sell", "amount": 0.2}, {"trade_seq": 719, "trade_id": "183501389", "timestamp": 1633708328284, "tick_direction": 0, "price": 0.278, "mark_price": 0.27835218, "iv": 90.25, "instrument_name": "BTC-31DEC21-44000-C", "index_price": 54161.09, "direction": "buy", "amount": 0.2}, {"trade_seq": 718, "trade_id": "183486252", "timestamp": 1633702006914, "tick_direction": 2, "price": 0.274, "mark_price": 0.27825048, "iv": 86.61, "instrument_name": "BTC-31DEC21-44000-C", "index_price": 54273.8, "direction": "sell", "amount": 0.2}, {"trade_seq": 717, "trade_id": "183412289", "timestamp": 1633680772972, "tick_direction": 0, "price": 0.2835, "mark_price": 0.28408366, "iv": 88.1, "instrument_name": "BTC-31DEC21-44000-C", "index_price": 55016.32, "direction": "buy", "amount": 0.1}, {"trade_seq": 716, "trade_id": "183407495", "timestamp": 1633679971658, "tick_direction": 0, "price": 0.282, "mark_price": 0.2821075, "iv": 88.57, "instrument_name": "BTC-31DEC21-44000-C", "index_price": 54780.98, "direction": "sell", "amount": 0.2}, {"trade_seq": 715, "trade_id": "183371455", "timestamp": 1633655325829, "tick_direction": 1, "price": 0.277, "mark_price": 0.27671926, "iv": 88.84, "instrument_name": "BTC-31DEC21-44000-C", "index_price": 54227.54, "direction": "sell", "amount": 1.0}, {"trade_seq": 714, "trade_id": "183371092", "timestamp": 1633654286364, "tick_direction": 0, "price": 0.277, "mark_price": 0.27663077, "iv": 88.9, "instrument_name": "BTC-31DEC21-44000-C", "index_price": 54217.11, "direction": "sell", "amount": 1.0}, {"trade_seq": 713, "trade_id": "183325906", "timestamp": 1633618113048, "tick_direction": 2, "price": 0.2765, "mark_price": 0.27658664, "iv": 89.88, "instrument_name": "BTC-31DEC21-44000-C", "index_price": 54024.3, "direction": "buy", "amount": 0.2}, {"trade_seq": 712, "trade_id": "183212130", "timestamp": 1633561931097, "tick_direction": 0, "price": 0.293, "mark_price": 0.29223269, "iv": 90.8, "instrument_name": "BTC-31DEC21-44000-C", "index_price": 55638.49, "direction": "buy", "amount": 0.4}, {"trade_seq": 711, "trade_id": "183079511", "timestamp": 1633525910818, "tick_direction": 1, "price": 0.2765, "mark_price": 0.27604569, "iv": 91.55, "instrument_name": "BTC-31DEC21-44000-C", "index_price": 53701.73, "direction": "buy", "amount": 0.6}, {"trade_seq": 710, "trade_id": "183078896", "timestamp": 1633525906984, "tick_direction": 1, "price": 0.2765, "mark_price": 0.27582987, "iv": 92.34, "instrument_name": "BTC-31DEC21-44000-C", "index_price": 53478.51, "direction": "sell", "amount": 1.4}, {"trade_seq": 709, "trade_id": "183078895", "timestamp": 1633525906984, "tick_direction": 1, "price": 0.2765, "mark_price": 0.27582987, "iv": 92.34, "instrument_name": "BTC-31DEC21-44000-C", "index_price": 53478.51, "direction": "sell", "amount": 1.4}, {"trade_seq": 708, "trade_id": "183077911", "timestamp": 1633525900741, "tick_direction": 0, "price": 0.2765, "mark_price": 0.27505093, "iv": 92.28, "instrument_name": "BTC-31DEC21-44000-C", "index_price": 53472.19, "direction": "buy", "amount": 0.1}, {"trade_seq": 707, "trade_id": "182835638", "timestamp": 1633391361534, "tick_direction": 0, "price": 0.2367, "mark_price": 0.23440419, "iv": 91.63, "instrument_name": "BTC-31DEC21-44000-C", "index_price": 49281.54, "direction": "buy", "block_trade_id": "21974", "amount": 25.0}, {"trade_seq": 706, "trade_id": "182835430", "timestamp": 1633391220320, "tick_direction": 0, "price": 0.2365, "mark_price": 0.23459972, "iv": 91.32, "instrument_name": "BTC-31DEC21-44000-C", "index_price": 49321.55, "direction": "buy", "block_trade_id": "21973", "amount": 25.0}, {"trade_seq": 705, "trade_id": "182835143", "timestamp": 1633391182820, "tick_direction": 2, "price": 0.2362, "mark_price": 0.23505598, "iv": 90.87, "instrument_name": "BTC-31DEC21-44000-C", "index_price": 49367.04, "direction": "buy", "block_trade_id": "21972", "amount": 25.0}, {"trade_seq": 704, "trade_id": "182835100", "timestamp": 1633391149793, "tick_direction": 2, "price": 0.2363, "mark_price": 0.2351725, "iv": 90.87, "instrument_name": "BTC-31DEC21-44000-C", "index_price": 49385.26, "direction": "buy", "block_trade_id": "21971", "amount": 25.0}, {"trade_seq": 703, "trade_id": "182835019", "timestamp": 1633391076047, "tick_direction": 2, "price": 0.2364, "mark_price": 0.23519592, "iv": 90.94, "instrument_name": "BTC-31DEC21-44000-C", "index_price": 49384.85, "direction": "buy", "block_trade_id": "21970", "amount": 25.0}, {"trade_seq": 702, "trade_id": "182834941", "timestamp": 1633390940354, "tick_direction": 0, "price": 0.2366, "mark_price": 0.23571815, "iv": 90.8, "instrument_name": "BTC-31DEC21-44000-C", "index_price": 49426.24, "direction": "buy", "block_trade_id": "21969", "amount": 25.0}, {"trade_seq": 701, "trade_id": "182834617", "timestamp": 1633390892095, "tick_direction": 1, "price": 0.2361, "mark_price": 0.23542537, "iv": 90.68, "instrument_name": "BTC-31DEC21-44000-C", "index_price": 49396.42, "direction": "buy", "block_trade_id": "21968", "amount": 25.0}, {"trade_seq": 700, "trade_id": "182834587", "timestamp": 1633390870476, "tick_direction": 0, "price": 0.2361, "mark_price": 0.23555774, "iv": 90.61, "instrument_name": "BTC-31DEC21-44000-C", "index_price": 49405.98, "direction": "buy", "block_trade_id": "21967", "amount": 25.0}, {"trade_seq": 699, "trade_id": "182461368", "timestamp": 1633123002468, "tick_direction": 0, "price": 0.226, "mark_price": 0.22112813, "iv": 89.67, "instrument_name": "BTC-31DEC21-44000-C", "index_price": 48385.1, "direction": "buy", "amount": 0.1}, {"trade_seq": 698, "trade_id": "182431582", "timestamp": 1633108845926, "tick_direction": 2, "price": 0.2145, "mark_price": 0.21332943, "iv": 88.01, "instrument_name": "BTC-31DEC21-44000-C", "index_price": 47505.12, "direction": "buy", "block_trade_id": "21811", "amount": 25.0}, {"trade_seq": 697, "trade_id": "182385567", "timestamp": 1633089332627, "tick_direction": 0, "price": 0.2153, "mark_price": 0.21474049, "iv": 88.59, "instrument_name": "BTC-31DEC21-44000-C", "index_price": 47424.25, "direction": "buy", "block_trade_id": "21746", "amount": 25.0}, {"trade_seq": 696, "trade_id": "182385470", "timestamp": 1633089274012, "tick_direction": 0, "price": 0.2149, "mark_price": 0.21447017, "iv": 88.51, "instrument_name": "BTC-31DEC21-44000-C", "index_price": 47398.06, "direction": "buy", "block_trade_id": "21745", "amount": 25.0}, {"trade_seq": 695, "trade_id": "182385426", "timestamp": 1633089250735, "tick_direction": 0, "price": 0.2148, "mark_price": 0.21456576, "iv": 88.41, "instrument_name": "BTC-31DEC21-44000-C", "index_price": 47402.42, "direction": "buy", "block_trade_id": "21744", "amount": 25.0}, {"trade_seq": 694, "trade_id": "182385382", "timestamp": 1633089216845, "tick_direction": 2, "price": 0.2147, "mark_price": 0.21443982, "iv": 88.42, "instrument_name": "BTC-31DEC21-44000-C", "index_price": 47376.54, "direction": "buy", "block_trade_id": "21743", "amount": 25.0}, {"trade_seq": 693, "trade_id": "182385372", "timestamp": 1633089196031, "tick_direction": 2, "price": 0.2149, "mark_price": 0.21443979, "iv": 88.56, "instrument_name": "BTC-31DEC21-44000-C", "index_price": 47376.36, "direction": "buy", "block_trade_id": "21742", "amount": 25.0}, {"trade_seq": 692, "trade_id": "182385203", "timestamp": 1633089151324, "tick_direction": 2, "price": 0.2151, "mark_price": 0.21474018, "iv": 88.47, "instrument_name": "BTC-31DEC21-44000-C", "index_price": 47414.72, "direction": "buy", "block_trade_id": "21741", "amount": 25.0}, {"trade_seq": 691, "trade_id": "182382510", "timestamp": 1633088630883, "tick_direction": 0, "price": 0.2152, "mark_price": 0.21429701, "iv": 88.65, "instrument_name": "BTC-31DEC21-44000-C", "index_price": 47405.87, "direction": "buy", "block_trade_id": "21735", "amount": 25.0}, {"trade_seq": 690, "trade_id": "182382027", "timestamp": 1633088414588, "tick_direction": 0, "price": 0.215, "mark_price": 0.21445043, "iv": 88.43, "instrument_name": "BTC-31DEC21-44000-C", "index_price": 47436.65, "direction": "buy", "block_trade_id": "21732", "amount": 25.0}, {"trade_seq": 689, "trade_id": "182381908", "timestamp": 1633088365277, "tick_direction": 0, "price": 0.2146, "mark_price": 0.21447365, "iv": 88.19, "instrument_name": "BTC-31DEC21-44000-C", "index_price": 47442.84, "direction": "buy", "block_trade_id": "21731", "amount": 25.0}, {"trade_seq": 688, "trade_id": "182381270", "timestamp": 1633088295568, "tick_direction": 0, "price": 0.2143, "mark_price": 0.21328385, "iv": 88.67, "instrument_name": "BTC-31DEC21-44000-C", "index_price": 47316.81, "direction": "buy", "block_trade_id": "21730", "amount": 25.0}, {"trade_seq": 687, "trade_id": "182381100", "timestamp": 1633088266102, "tick_direction": 0, "price": 0.2142, "mark_price": 0.21375527, "iv": 88.36, "instrument_name": "BTC-31DEC21-44000-C", "index_price": 47364.34, "direction": "buy", "block_trade_id": "21729", "amount": 25.0}, {"trade_seq": 686, "trade_id": "182375159", "timestamp": 1633086452410, "tick_direction": 0, "price": 0.2122, "mark_price": 0.21315257, "iv": 87.29, "instrument_name": "BTC-31DEC21-44000-C", "index_price": 47297.35, "direction": "buy", "block_trade_id": "21715", "amount": 25.0}, {"trade_seq": 685, "trade_id": "182373514", "timestamp": 1633086228208, "tick_direction": 0, "price": 0.212, "mark_price": 0.20982575, "iv": 89.0, "instrument_name": "BTC-31DEC21-44000-C", "index_price": 46993.46, "direction": "buy", "block_trade_id": "21714", "amount": 25.0}, {"trade_seq": 684, "trade_id": "182372828", "timestamp": 1633086048516, "tick_direction": 2, "price": 0.2106, "mark_price": 0.21047313, "iv": 87.8, "instrument_name": "BTC-31DEC21-44000-C", "index_price": 47087.94, "direction": "buy", "block_trade_id": "21713", "amount": 25.0}, {"trade_seq": 683, "trade_id": "182371674", "timestamp": 1633085900060, "tick_direction": 0, "price": 0.2131, "mark_price": 0.21217969, "iv": 88.19, "instrument_name": "BTC-31DEC21-44000-C", "index_price": 47294.42, "direction": "buy", "block_trade_id": "21712", "amount": 25.0}, {"trade_seq": 682, "trade_id": "182327485", "timestamp": 1633084125382, "tick_direction": 1, "price": 0.1985, "mark_price": 0.19736994, "iv": 86.99, "instrument_name": "BTC-31DEC21-44000-C", "index_price": 46052.35, "direction": "buy", "amount": 1.0}, {"trade_seq": 681, "trade_id": "182327467", "timestamp": 1633084125326, "tick_direction": 0, "price": 0.1985, "mark_price": 0.19736994, "iv": 87.34, "instrument_name": "BTC-31DEC21-44000-C", "index_price": 45963.76, "direction": "buy", "amount": 2.0}, {"trade_seq": 680, "trade_id": "182169276", "timestamp": 1632991937959, "tick_direction": 2, "price": 0.169, "mark_price": 0.16936834, "iv": 86.64, "instrument_name": "BTC-31DEC21-44000-C", "index_price": 42937.15, "direction": "buy", "amount": 2.0}, {"trade_seq": 679, "trade_id": "182159414", "timestamp": 1632988021137, "tick_direction": 0, "price": 0.174, "mark_price": 0.17389963, "iv": 87.1, "instrument_name": "BTC-31DEC21-44000-C", "index_price": 43348.78, "direction": "sell", "block_trade_id": "21621", "amount": 20.0}, {"trade_seq": 678, "trade_id": "182119720", "timestamp": 1632964947457, "tick_direction": 1, "price": 0.17, "mark_price": 0.16908455, "iv": 87.27, "instrument_name": "BTC-31DEC21-44000-C", "index_price": 42914.32, "direction": "sell", "amount": 0.3}, {"trade_seq": 677, "trade_id": "182119678", "timestamp": 1632964943631, "tick_direction": 1, "price": 0.17, "mark_price": 0.16921292, "iv": 87.25, "instrument_name": "BTC-31DEC21-44000-C", "index_price": 42915.16, "direction": "sell", "amount": 0.5}, {"trade_seq": 676, "trade_id": "182118337", "timestamp": 1632964674593, "tick_direction": 1, "price": 0.17, "mark_price": 0.16904197, "iv": 87.0, "instrument_name": "BTC-31DEC21-44000-C", "index_price": 42968.0, "direction": "sell", "amount": 0.4}, {"trade_seq": 675, "trade_id": "182118293", "timestamp": 1632964665704, "tick_direction": 1, "price": 0.17, "mark_price": 0.16916975, "iv": 86.92, "instrument_name": "BTC-31DEC21-44000-C", "index_price": 42979.69, "direction": "sell", "amount": 0.4}, {"trade_seq": 674, "trade_id": "182118292", "timestamp": 1632964665194, "tick_direction": 0, "price": 0.17, "mark_price": 0.16917438, "iv": 86.92, "instrument_name": "BTC-31DEC21-44000-C", "index_price": 42979.69, "direction": "sell", "amount": 0.4}, {"trade_seq": 673, "trade_id": "182058081", "timestamp": 1632923552106, "tick_direction": 1, "price": 0.1585, "mark_price": 0.15947118, "iv": 85.35, "instrument_name": "BTC-31DEC21-44000-C", "index_price": 42135.85, "direction": "sell", "amount": 0.1}, {"trade_seq": 672, "trade_id": "182058080", "timestamp": 1632923552080, "tick_direction": 0, "price": 0.1585, "mark_price": 0.15947118, "iv": 85.35, "instrument_name": "BTC-31DEC21-44000-C", "index_price": 42135.85, "direction": "sell", "amount": 0.1}, {"trade_seq": 671, "trade_id": "182057871", "timestamp": 1632923534779, "tick_direction": 2, "price": 0.158, "mark_price": 0.15868504, "iv": 85.43, "instrument_name": "BTC-31DEC21-44000-C", "index_price": 42065.57, "direction": "sell", "amount": 0.1}, {"trade_seq": 670, "trade_id": "182036837", "timestamp": 1632906004358, "tick_direction": 0, "price": 0.1615, "mark_price": 0.16253936, "iv": 85.78, "instrument_name": "BTC-31DEC21-44000-C", "index_price": 42329.98, "direction": "sell", "amount": 0.1}, {"trade_seq": 669, "trade_id": "182010707", "timestamp": 1632883966310, "tick_direction": 0, "price": 0.16, "mark_price": 0.16106675, "iv": 87.52, "instrument_name": "BTC-31DEC21-44000-C", "index_price": 41807.88, "direction": "buy", "amount": 0.1}, {"trade_seq": 668, "trade_id": "181940355", "timestamp": 1632847557701, "tick_direction": 2, "price": 0.1555, "mark_price": 0.15607759, "iv": 87.32, "instrument_name": "BTC-31DEC21-44000-C", "index_price": 41335.79, "direction": "sell", "amount": 0.1}, {"trade_seq": 667, "trade_id": "181924910", "timestamp": 1632839088028, "tick_direction": 2, "price": 0.158, "mark_price": 0.15740505, "iv": 87.58, "instrument_name": "BTC-31DEC21-44000-C", "index_price": 41520.31, "direction": "buy", "amount": 3.7}, {"trade_seq": 666, "trade_id": "181924885", "timestamp": 1632839080029, "tick_direction": 1, "price": 0.1585, "mark_price": 0.15752579, "iv": 87.77, "instrument_name": "BTC-31DEC21-44000-C", "index_price": 41538.68, "direction": "buy", "amount": 0.5}, {"trade_seq": 665, "trade_id": "181924874", "timestamp": 1632839078726, "tick_direction": 1, "price": 0.1585, "mark_price": 0.15751596, "iv": 87.77, "instrument_name": "BTC-31DEC21-44000-C", "index_price": 41531.03, "direction": "buy", "amount": 0.4}, {"trade_seq": 664, "trade_id": "181924855", "timestamp": 1632839075661, "tick_direction": 0, "price": 0.1585, "mark_price": 0.1573518, "iv": 87.8, "instrument_name": "BTC-31DEC21-44000-C", "index_price": 41526.67, "direction": "buy", "amount": 0.4}, {"trade_seq": 663, "trade_id": "181924762", "timestamp": 1632839038059, "tick_direction": 1, "price": 0.1575, "mark_price": 0.15657874, "iv": 87.7, "instrument_name": "BTC-31DEC21-44000-C", "index_price": 41447.72, "direction": "buy", "amount": 2.0}, {"trade_seq": 662, "trade_id": "181924667", "timestamp": 1632839002228, "tick_direction": 1, "price": 0.1575, "mark_price": 0.1566264, "iv": 87.7, "instrument_name": "BTC-31DEC21-44000-C", "index_price": 41451.78, "direction": "buy", "amount": 0.7}, {"trade_seq": 661, "trade_id": "181924664", "timestamp": 1632839001875, "tick_direction": 1, "price": 0.1575, "mark_price": 0.1566264, "iv": 87.7, "instrument_name": "BTC-31DEC21-44000-C", "index_price": 41451.78, "direction": "buy", "amount": 0.7}, {"trade_seq": 660, "trade_id": "181924661", "timestamp": 1632839001509, "tick_direction": 1, "price": 0.1575, "mark_price": 0.15655235, "iv": 87.74, "instrument_name": "BTC-31DEC21-44000-C", "index_price": 41446.09, "direction": "buy", "amount": 0.5}, {"trade_seq": 659, "trade_id": "181924658", "timestamp": 1632839000827, "tick_direction": 1, "price": 0.1575, "mark_price": 0.15655235, "iv": 87.74, "instrument_name": "BTC-31DEC21-44000-C", "index_price": 41446.09, "direction": "buy", "amount": 0.4}, {"trade_seq": 658, "trade_id": "181924595", "timestamp": 1632838984459, "tick_direction": 0, "price": 0.1575, "mark_price": 0.15654493, "iv": 87.74, "instrument_name": "BTC-31DEC21-44000-C", "index_price": 41430.35, "direction": "buy", "amount": 0.1}, {"trade_seq": 657, "trade_id": "181924380", "timestamp": 1632838909359, "tick_direction": 3, "price": 0.157, "mark_price": 0.15600406, "iv": 87.75, "instrument_name": "BTC-31DEC21-44000-C", "index_price": 41385.91, "direction": "buy", "amount": 0.3}, {"trade_seq": 656, "trade_id": "181924324", "timestamp": 1632838886716, "tick_direction": 3, "price": 0.157, "mark_price": 0.15581656, "iv": 87.82, "instrument_name": "BTC-31DEC21-44000-C", "index_price": 41366.2, "direction": "buy", "amount": 0.3}, {"trade_seq": 655, "trade_id": "181924320", "timestamp": 1632838886524, "tick_direction": 3, "price": 0.157, "mark_price": 0.1558503, "iv": 87.82, "instrument_name": "BTC-31DEC21-44000-C", "index_price": 41366.2, "direction": "buy", "amount": 0.3}, {"trade_seq": 654, "trade_id": "181924252", "timestamp": 1632838871251, "tick_direction": 3, "price": 0.157, "mark_price": 0.15599459, "iv": 87.72, "instrument_name": "BTC-31DEC21-44000-C", "index_price": 41385.27, "direction": "buy", "amount": 0.3}, {"trade_seq": 653, "trade_id": "181924250", "timestamp": 1632838871089, "tick_direction": 3, "price": 0.157, "mark_price": 0.15599459, "iv": 87.74, "instrument_name": "BTC-31DEC21-44000-C", "index_price": 41385.27, "direction": "buy", "amount": 0.3}, {"trade_seq": 652, "trade_id": "181924209", "timestamp": 1632838847585, "tick_direction": 3, "price": 0.157, "mark_price": 0.15579842, "iv": 87.82, "instrument_name": "BTC-31DEC21-44000-C", "index_price": 41369.59, "direction": "buy", "amount": 0.3}, {"trade_seq": 651, "trade_id": "181924194", "timestamp": 1632838846764, "tick_direction": 3, "price": 0.157, "mark_price": 0.15579842, "iv": 87.83, "instrument_name": "BTC-31DEC21-44000-C", "index_price": 41366.48, "direction": "buy", "amount": 0.3}, {"trade_seq": 650, "trade_id": "181924188", "timestamp": 1632838844869, "tick_direction": 2, "price": 0.157, "mark_price": 0.15571676, "iv": 87.87, "instrument_name": "BTC-31DEC21-44000-C", "index_price": 41363.33, "direction": "buy", "amount": 0.3}, {"trade_seq": 649, "trade_id": "181918705", "timestamp": 1632838413149, "tick_direction": 2, "price": 0.158, "mark_price": 0.15830679, "iv": 86.98, "instrument_name": "BTC-31DEC21-44000-C", "index_price": 41586.58, "direction": "sell", "amount": 13.0}, {"trade_seq": 648, "trade_id": "181918566", "timestamp": 1632838407298, "tick_direction": 3, "price": 0.1585, "mark_price": 0.15837774, "iv": 87.19, "instrument_name": "BTC-31DEC21-44000-C", "index_price": 41619.53, "direction": "buy", "amount": 0.3}, {"trade_seq": 647, "trade_id": "181918545", "timestamp": 1632838407173, "tick_direction": 2, "price": 0.1585, "mark_price": 0.15837774, "iv": 87.19, "instrument_name": "BTC-31DEC21-44000-C", "index_price": 41619.53, "direction": "buy", "amount": 0.3}, {"trade_seq": 646, "trade_id": "181911807", "timestamp": 1632837034918, "tick_direction": 2, "price": 0.163, "mark_price": 0.16324481, "iv": 86.78, "instrument_name": "BTC-31DEC21-44000-C", "index_price": 42160.69, "direction": "buy", "amount": 2.0}, {"trade_seq": 645, "trade_id": "181907973", "timestamp": 1632835745750, "tick_direction": 0, "price": 0.167, "mark_price": 0.16657246, "iv": 87.39, "instrument_name": "BTC-31DEC21-44000-C", "index_price": 42411.52, "direction": "buy", "amount": 2.0}, {"trade_seq": 644, "trade_id": "181898521", "timestamp": 1632834080472, "tick_direction": 1, "price": 0.1615, "mark_price": 0.16099641, "iv": 87.33, "instrument_name": "BTC-31DEC21-44000-C", "index_price": 41889.55, "direction": "buy", "amount": 0.2}, {"trade_seq": 643, "trade_id": "181898518", "timestamp": 1632834080272, "tick_direction": 1, "price": 0.1615, "mark_price": 0.16099641, "iv": 87.33, "instrument_name": "BTC-31DEC21-44000-C", "index_price": 41889.55, "direction": "buy", "amount": 0.3}, {"trade_seq": 642, "trade_id": "181894084", "timestamp": 1632829412595, "tick_direction": 1, "price": 0.1615, "mark_price": 0.1613603, "iv": 87.07, "instrument_name": "BTC-31DEC21-44000-C", "index_price": 41927.25, "direction": "buy", "amount": 0.3}, {"trade_seq": 641, "trade_id": "181894082", "timestamp": 1632829412271, "tick_direction": 1, "price": 0.1615, "mark_price": 0.1613603, "iv": 87.07, "instrument_name": "BTC-31DEC21-44000-C", "index_price": 41927.25, "direction": "buy", "amount": 0.3}, {"trade_seq": 640, "trade_id": "181892489", "timestamp": 1632827903642, "tick_direction": 0, "price": 0.1615, "mark_price": 0.16133846, "iv": 87.09, "instrument_name": "BTC-31DEC21-44000-C", "index_price": 41921.49, "direction": "buy", "amount": 0.3}, {"trade_seq": 639, "trade_id": "181888323", "timestamp": 1632823993079, "tick_direction": 3, "price": 0.16, "mark_price": 0.15984898, "iv": 87.21, "instrument_name": "BTC-31DEC21-44000-C", "index_price": 41740.65, "direction": "buy", "amount": 0.3}, {"trade_seq": 638, "trade_id": "181888320", "timestamp": 1632823986432, "tick_direction": 2, "price": 0.16, "mark_price": 0.15984198, "iv": 87.21, "instrument_name": "BTC-31DEC21-44000-C", "index_price": 41740.68, "direction": "buy", "amount": 0.3}, {"trade_seq": 637, "trade_id": "181887817", "timestamp": 1632823489776, "tick_direction": 3, "price": 0.1605, "mark_price": 0.16054641, "iv": 87.26, "instrument_name": "BTC-31DEC21-44000-C", "index_price": 41783.47, "direction": "buy", "amount": 0.3}, {"trade_seq": 636, "trade_id": "181887815", "timestamp": 1632823489620, "tick_direction": 2, "price": 0.1605, "mark_price": 0.16054641, "iv": 87.26, "instrument_name": "BTC-31DEC21-44000-C", "index_price": 41783.47, "direction": "buy", "amount": 0.3}, {"trade_seq": 635, "trade_id": "181868097", "timestamp": 1632813975996, "tick_direction": 2, "price": 0.161, "mark_price": 0.16151284, "iv": 86.96, "instrument_name": "BTC-31DEC21-44000-C", "index_price": 41863.23, "direction": "buy", "amount": 0.5}, {"trade_seq": 634, "trade_id": "181764147", "timestamp": 1632735412261, "tick_direction": 2, "price": 0.177, "mark_price": 0.17822018, "iv": 86.46, "instrument_name": "BTC-31DEC21-44000-C", "index_price": 43480.83, "direction": "sell", "amount": 4.0}, {"trade_seq": 633, "trade_id": "181763661", "timestamp": 1632735385722, "tick_direction": 3, "price": 0.179, "mark_price": 0.17907792, "iv": 87.02, "instrument_name": "BTC-31DEC21-44000-C", "index_price": 43555.73, "direction": "sell", "amount": 0.3}, {"trade_seq": 632, "trade_id": "181763660", "timestamp": 1632735385722, "tick_direction": 2, "price": 0.179, "mark_price": 0.17907792, "iv": 87.02, "instrument_name": "BTC-31DEC21-44000-C", "index_price": 43555.73, "direction": "sell", "amount": 0.1}, {"trade_seq": 631, "trade_id": "181763273", "timestamp": 1632735375170, "tick_direction": 2, "price": 0.18, "mark_price": 0.180256, "iv": 87.0, "instrument_name": "BTC-31DEC21-44000-C", "index_price": 43647.21, "direction": "sell", "amount": 0.1}, {"trade_seq": 630, "trade_id": "181762348", "timestamp": 1632735087770, "tick_direction": 0, "price": 0.1825, "mark_price": 0.18330015, "iv": 86.65, "instrument_name": "BTC-31DEC21-44000-C", "index_price": 44005.68, "direction": "sell", "amount": 0.1}, {"trade_seq": 629, "trade_id": "181756352", "timestamp": 1632729616563, "tick_direction": 0, "price": 0.181, "mark_price": 0.18153094, "iv": 87.46, "instrument_name": "BTC-31DEC21-44000-C", "index_price": 43699.6, "direction": "sell", "amount": 0.1}, {"trade_seq": 628, "trade_id": "181693806", "timestamp": 1632677877477, "tick_direction": 0, "price": 0.172, "mark_price": 0.17136338, "iv": 85.0, "instrument_name": "BTC-31DEC21-44000-C", "index_price": 43202.22, "direction": "buy", "amount": 0.5}, {"trade_seq": 627, "trade_id": "181680402", "timestamp": 1632661720895, "tick_direction": 0, "price": 0.1711, "mark_price": 0.17017659, "iv": 84.19, "instrument_name": "BTC-31DEC21-44000-C", "index_price": 43277.19, "direction": "sell", "block_trade_id": "21462", "amount": 12.5}, {"trade_seq": 626, "trade_id": "181680232", "timestamp": 1632661508728, "tick_direction": 2, "price": 0.1692, "mark_price": 0.16959889, "iv": 83.52, "instrument_name": "BTC-31DEC21-44000-C", "index_price": 43236.27, "direction": "sell", "block_trade_id": "21460", "amount": 12.5}, {"trade_seq": 625, "trade_id": "181679799", "timestamp": 1632661220191, "tick_direction": 0, "price": 0.1705, "mark_price": 0.17074426, "iv": 83.6, "instrument_name": "BTC-31DEC21-44000-C", "index_price": 43333.17, "direction": "sell", "block_trade_id": "21459", "amount": 12.5}, {"trade_seq": 624, "trade_id": "181679675", "timestamp": 1632661074956, "tick_direction": 3, "price": 0.1689, "mark_price": 0.16989078, "iv": 83.25, "instrument_name": "BTC-31DEC21-44000-C", "index_price": 43261.21, "direction": "sell", "block_trade_id": "21458", "amount": 12.5}, {"trade_seq": 623, "trade_id": "181679619", "timestamp": 1632660890573, "tick_direction": 2, "price": 0.1689, "mark_price": 0.16950954, "iv": 83.39, "instrument_name": "BTC-31DEC21-44000-C", "index_price": 43227.18, "direction": "sell", "block_trade_id": "21457", "amount": 12.5}, {"trade_seq": 622, "trade_id": "181679134", "timestamp": 1632660345422, "tick_direction": 0, "price": 0.1695, "mark_price": 0.17009491, "iv": 83.3, "instrument_name": "BTC-31DEC21-44000-C", "index_price": 43301.47, "direction": "sell", "block_trade_id": "21454", "amount": 12.5}, {"trade_seq": 621, "trade_id": "181678755", "timestamp": 1632659917931, "tick_direction": 2, "price": 0.1692, "mark_price": 0.17011924, "iv": 83.08, "instrument_name": "BTC-31DEC21-44000-C", "index_price": 43293.37, "direction": "sell", "block_trade_id": "21452", "amount": 12.5}, {"trade_seq": 620, "trade_id": "181678393", "timestamp": 1632659613103, "tick_direction": 0, "price": 0.1697, "mark_price": 0.17040913, "iv": 83.1, "instrument_name": "BTC-31DEC21-44000-C", "index_price": 43352.98, "direction": "sell", "block_trade_id": "21449", "amount": 12.5}, {"trade_seq": 619, "trade_id": "181668587", "timestamp": 1632651838907, "tick_direction": 2, "price": 0.1675, "mark_price": 0.16703295, "iv": 83.47, "instrument_name": "BTC-31DEC21-44000-C", "index_price": 43051.08, "direction": "buy", "amount": 10.0}, {"trade_seq": 618, "trade_id": "181652072", "timestamp": 1632649732165, "tick_direction": 2, "price": 0.1695, "mark_price": 0.17012196, "iv": 83.31, "instrument_name": "BTC-31DEC21-44000-C", "index_price": 43249.47, "direction": "buy", "amount": 13.5}, {"trade_seq": 617, "trade_id": "181650627", "timestamp": 1632649669658, "tick_direction": 0, "price": 0.1705, "mark_price": 0.17102316, "iv": 83.37, "instrument_name": "BTC-31DEC21-44000-C", "index_price": 43319.74, "direction": "sell", "amount": 0.5}, {"trade_seq": 616, "trade_id": "181636085", "timestamp": 1632648172951, "tick_direction": 0, "price": 0.1575, "mark_price": 0.15635309, "iv": 84.31, "instrument_name": "BTC-31DEC21-44000-C", "index_price": 41976.18, "direction": "buy", "amount": 4.0}, {"trade_seq": 615, "trade_id": "181633678", "timestamp": 1632647279616, "tick_direction": 0, "price": 0.1525, "mark_price": 0.15224283, "iv": 83.66, "instrument_name": "BTC-31DEC21-44000-C", "index_price": 41592.54, "direction": "buy", "amount": 3.2}, {"trade_seq": 614, "trade_id": "181632393", "timestamp": 1632646606671, "tick_direction": 1, "price": 0.152, "mark_price": 0.15192616, "iv": 83.63, "instrument_name": "BTC-31DEC21-44000-C", "index_price": 41541.83, "direction": "buy", "amount": 0.4}, {"trade_seq": 613, "trade_id": "181632386", "timestamp": 1632646586893, "tick_direction": 0, "price": 0.152, "mark_price": 0.15184453, "iv": 83.67, "instrument_name": "BTC-31DEC21-44000-C", "index_price": 41531.98, "direction": "buy", "amount": 0.9}, {"trade_seq": 612, "trade_id": "181630747", "timestamp": 1632645354777, "tick_direction": 3, "price": 0.1505, "mark_price": 0.15042104, "iv": 83.83, "instrument_name": "BTC-31DEC21-44000-C", "index_price": 41367.61, "direction": "sell", "amount": 0.1}, {"trade_seq": 611, "trade_id": "181627276", "timestamp": 1632644013563, "tick_direction": 3, "price": 0.1505, "mark_price": 0.15147588, "iv": 83.64, "instrument_name": "BTC-31DEC21-44000-C", "index_price": 41390.35, "direction": "buy", "amount": 0.9}, {"trade_seq": 610, "trade_id": "181627275", "timestamp": 1632644013558, "tick_direction": 2, "price": 0.1505, "mark_price": 0.15147588, "iv": 83.64, "instrument_name": "BTC-31DEC21-44000-C", "index_price": 41390.35, "direction": "buy", "amount": 10.5}, {"trade_seq": 609, "trade_id": "181627019", "timestamp": 1632643990041, "tick_direction": 2, "price": 0.151, "mark_price": 0.15155227, "iv": 83.83, "instrument_name": "BTC-31DEC21-44000-C", "index_price": 41401.86, "direction": "sell", "amount": 14.0}, {"trade_seq": 608, "trade_id": "181626073", "timestamp": 1632643895306, "tick_direction": 2, "price": 0.1525, "mark_price": 0.15224537, "iv": 84.29, "instrument_name": "BTC-31DEC21-44000-C", "index_price": 41468.01, "direction": "sell", "amount": 0.5}, {"trade_seq": 607, "trade_id": "181625868", "timestamp": 1632643867670, "tick_direction": 0, "price": 0.153, "mark_price": 0.15317025, "iv": 84.05, "instrument_name": "BTC-31DEC21-44000-C", "index_price": 41563.86, "direction": "buy", "amount": 10.0}, {"trade_seq": 606, "trade_id": "181617637", "timestamp": 1632642567313, "tick_direction": 3, "price": 0.149, "mark_price": 0.14856607, "iv": 84.52, "instrument_name": "BTC-31DEC21-44000-C", "index_price": 41062.77, "direction": "buy", "amount": 1.0}, {"trade_seq": 605, "trade_id": "181617627", "timestamp": 1632642567272, "tick_direction": 3, "price": 0.149, "mark_price": 0.14856607, "iv": 84.52, "instrument_name": "BTC-31DEC21-44000-C", "index_price": 41062.77, "direction": "buy", "amount": 1.0}, {"trade_seq": 604, "trade_id": "181617626", "timestamp": 1632642567270, "tick_direction": 2, "price": 0.149, "mark_price": 0.14856607, "iv": 84.52, "instrument_name": "BTC-31DEC21-44000-C", "index_price": 41062.77, "direction": "sell", "amount": 13.0}, {"trade_seq": 603, "trade_id": "181615239", "timestamp": 1632642112401, "tick_direction": 3, "price": 0.15, "mark_price": 0.14941394, "iv": 84.44, "instrument_name": "BTC-31DEC21-44000-C", "index_price": 41186.25, "direction": "buy", "amount": 0.8}, {"trade_seq": 602, "trade_id": "181615238", "timestamp": 1632642112398, "tick_direction": 3, "price": 0.15, "mark_price": 0.14941394, "iv": 84.44, "instrument_name": "BTC-31DEC21-44000-C", "index_price": 41186.25, "direction": "buy", "amount": 2.5}, {"trade_seq": 601, "trade_id": "181615237", "timestamp": 1632642112395, "tick_direction": 3, "price": 0.15, "mark_price": 0.14941394, "iv": 84.44, "instrument_name": "BTC-31DEC21-44000-C", "index_price": 41186.25, "direction": "buy", "amount": 2.0}, {"trade_seq": 600, "trade_id": "181615236", "timestamp": 1632642112392, "tick_direction": 3, "price": 0.15, "mark_price": 0.14941394, "iv": 84.44, "instrument_name": "BTC-31DEC21-44000-C", "index_price": 41186.25, "direction": "buy", "amount": 1.0}, {"trade_seq": 599, "trade_id": "181615235", "timestamp": 1632642112392, "tick_direction": 3, "price": 0.15, "mark_price": 0.14941394, "iv": 84.44, "instrument_name": "BTC-31DEC21-44000-C", "index_price": 41186.25, "direction": "buy", "amount": 1.0}, {"trade_seq": 598, "trade_id": "181615232", "timestamp": 1632642112386, "tick_direction": 2, "price": 0.15, "mark_price": 0.14941394, "iv": 84.44, "instrument_name": "BTC-31DEC21-44000-C", "index_price": 41186.25, "direction": "sell", "amount": 13.0}, {"trade_seq": 597, "trade_id": "181611467", "timestamp": 1632641488390, "tick_direction": 2, "price": 0.1565, "mark_price": 0.15614223, "iv": 84.26, "instrument_name": "BTC-31DEC21-44000-C", "index_price": 41868.87, "direction": "buy", "amount": 5.0}, {"trade_seq": 596, "trade_id": "181562396", "timestamp": 1632584167515, "tick_direction": 0, "price": 0.166, "mark_price": 0.1659319, "iv": 84.33, "instrument_name": "BTC-31DEC21-44000-C", "index_price": 42706.96, "direction": "buy", "amount": 0.4}, {"trade_seq": 595, "trade_id": "181543992", "timestamp": 1632567883754, "tick_direction": 2, "price": 0.165, "mark_price": 0.16557284, "iv": 84.73, "instrument_name": "BTC-31DEC21-44000-C", "index_price": 42506.93, "direction": "buy", "amount": 1.0}, {"trade_seq": 594, "trade_id": "181543933", "timestamp": 1632567840948, "tick_direction": 2, "price": 0.1655, "mark_price": 0.16580124, "iv": 84.87, "instrument_name": "BTC-31DEC21-44000-C", "index_price": 42525.7, "direction": "buy", "amount": 2.0}, {"trade_seq": 593, "trade_id": "181539674", "timestamp": 1632562677735, "tick_direction": 0, "price": 0.17, "mark_price": 0.16937067, "iv": 85.22, "instrument_name": "BTC-31DEC21-44000-C", "index_price": 42896.76, "direction": "buy", "amount": 1.0}, {"trade_seq": 592, "trade_id": "181536927", "timestamp": 1632561073392, "tick_direction": 1, "price": 0.167, "mark_price": 0.16614889, "iv": 85.19, "instrument_name": "BTC-31DEC21-44000-C", "index_price": 42576.09, "direction": "sell", "amount": 0.6}, {"trade_seq": 591, "trade_id": "181536846", "timestamp": 1632561054621, "tick_direction": 1, "price": 0.167, "mark_price": 0.16614117, "iv": 85.16, "instrument_name": "BTC-31DEC21-44000-C", "index_price": 42602.62, "direction": "sell", "amount": 0.4}, {"trade_seq": 590, "trade_id": "181536766", "timestamp": 1632560953686, "tick_direction": 0, "price": 0.167, "mark_price": 0.16628291, "iv": 85.1, "instrument_name": "BTC-31DEC21-44000-C", "index_price": 42602.17, "direction": "sell", "amount": 1.0}, {"trade_seq": 589, "trade_id": "181510194", "timestamp": 1632539415271, "tick_direction": 0, "price": 0.166, "mark_price": 0.16434518, "iv": 85.71, "instrument_name": "BTC-31DEC21-44000-C", "index_price": 42405.77, "direction": "buy", "amount": 2.6}, {"trade_seq": 588, "trade_id": "181472636", "timestamp": 1632508288904, "tick_direction": 1, "price": 0.165, "mark_price": 0.16321201, "iv": 86.11, "instrument_name": "BTC-31DEC21-44000-C", "index_price": 42204.86, "direction": "buy", "amount": 1.3}, {"trade_seq": 587, "trade_id": "181472635", "timestamp": 1632508288904, "tick_direction": 1, "price": 0.165, "mark_price": 0.16321201, "iv": 86.11, "instrument_name": "BTC-31DEC21-44000-C", "index_price": 42204.86, "direction": "buy", "amount": 0.1}, {"trade_seq": 586, "trade_id": "181472551", "timestamp": 1632508231987, "tick_direction": 1, "price": 0.165, "mark_price": 0.16349971, "iv": 85.97, "instrument_name": "BTC-31DEC21-44000-C", "index_price": 42217.15, "direction": "buy", "amount": 0.1}, {"trade_seq": 585, "trade_id": "181462576", "timestamp": 1632500762236, "tick_direction": 0, "price": 0.165, "mark_price": 0.16430983, "iv": 85.97, "instrument_name": "BTC-31DEC21-44000-C", "index_price": 42191.86, "direction": "sell", "amount": 0.1}, {"trade_seq": 584, "trade_id": "181457558", "timestamp": 1632498126278, "tick_direction": 3, "price": 0.1595, "mark_price": 0.15895376, "iv": 85.51, "instrument_name": "BTC-31DEC21-44000-C", "index_price": 41692.64, "direction": "sell", "amount": 0.3}, {"trade_seq": 583, "trade_id": "181457552", "timestamp": 1632498126117, "tick_direction": 2, "price": 0.1595, "mark_price": 0.15895376, "iv": 85.51, "instrument_name": "BTC-31DEC21-44000-C", "index_price": 41692.64, "direction": "sell", "amount": 3.2}, {"trade_seq": 582, "trade_id": "181386832", "timestamp": 1632483914991, "tick_direction": 2, "price": 0.16, "mark_price": 0.16155431, "iv": 86.44, "instrument_name": "BTC-31DEC21-44000-C", "index_price": 41499.88, "direction": "sell", "amount": 2.6}, {"trade_seq": 581, "trade_id": "181019513", "timestamp": 1632373867311, "tick_direction": 0, "price": 0.1895, "mark_price": 0.18888081, "iv": 87.7, "instrument_name": "BTC-31DEC21-44000-C", "index_price": 44095.1, "direction": "buy", "amount": 1.5}, {"trade_seq": 580, "trade_id": "180930505", "timestamp": 1632334784889, "tick_direction": 1, "price": 0.189, "mark_price": 0.18794529, "iv": 88.25, "instrument_name": "BTC-31DEC21-44000-C", "index_price": 43891.72, "direction": "sell", "amount": 0.3}, {"trade_seq": 579, "trade_id": "180930416", "timestamp": 1632334766851, "tick_direction": 0, "price": 0.189, "mark_price": 0.18793887, "iv": 88.23, "instrument_name": "BTC-31DEC21-44000-C", "index_price": 43892.33, "direction": "sell", "amount": 0.2}, {"trade_seq": 578, "trade_id": "180912411", "timestamp": 1632331497926, "tick_direction": 0, "price": 0.1795, "mark_price": 0.17906499, "iv": 87.95, "instrument_name": "BTC-31DEC21-44000-C", "index_price": 42962.76, "direction": "sell", "amount": 0.2}, {"trade_seq": 577, "trade_id": "180811069", "timestamp": 1632288941056, "tick_direction": 3, "price": 0.1775, "mark_price": 0.17779669, "iv": 90.87, "instrument_name": "BTC-31DEC21-44000-C", "index_price": 42087.64, "direction": "buy", "amount": 1.6}, {"trade_seq": 576, "trade_id": "180811067", "timestamp": 1632288939920, "tick_direction": 2, "price": 0.1775, "mark_price": 0.17777397, "iv": 90.88, "instrument_name": "BTC-31DEC21-44000-C", "index_price": 42075.49, "direction": "buy", "amount": 0.5}, {"trade_seq": 575, "trade_id": "180810546", "timestamp": 1632288621569, "tick_direction": 1, "price": 0.1795, "mark_price": 0.17905326, "iv": 91.37, "instrument_name": "BTC-31DEC21-44000-C", "index_price": 42149.25, "direction": "sell", "amount": 0.5}, {"trade_seq": 574, "trade_id": "180810540", "timestamp": 1632288619205, "tick_direction": 1, "price": 0.1795, "mark_price": 0.17913902, "iv": 91.34, "instrument_name": "BTC-31DEC21-44000-C", "index_price": 42159.83, "direction": "sell", "amount": 0.4}, {"trade_seq": 573, "trade_id": "180810536", "timestamp": 1632288617652, "tick_direction": 1, "price": 0.1795, "mark_price": 0.17927919, "iv": 91.31, "instrument_name": "BTC-31DEC21-44000-C", "index_price": 42167.28, "direction": "sell", "amount": 0.6}, {"trade_seq": 572, "trade_id": "180810535", "timestamp": 1632288617311, "tick_direction": 1, "price": 0.1795, "mark_price": 0.17927919, "iv": 91.31, "instrument_name": "BTC-31DEC21-44000-C", "index_price": 42167.28, "direction": "sell", "amount": 0.4}, {"trade_seq": 571, "trade_id": "180810533", "timestamp": 1632288616974, "tick_direction": 1, "price": 0.1795, "mark_price": 0.17927919, "iv": 91.26, "instrument_name": "BTC-31DEC21-44000-C", "index_price": 42167.28, "direction": "sell", "amount": 0.1}, {"trade_seq": 570, "trade_id": "180810530", "timestamp": 1632288616763, "tick_direction": 0, "price": 0.1795, "mark_price": 0.17929608, "iv": 91.24, "instrument_name": "BTC-31DEC21-44000-C", "index_price": 42175.84, "direction": "sell", "amount": 0.1}, {"trade_seq": 569, "trade_id": "180800516", "timestamp": 1632282821040, "tick_direction": 0, "price": 0.1785, "mark_price": 0.17861415, "iv": 90.96, "instrument_name": "BTC-31DEC21-44000-C", "index_price": 42151.51, "direction": "buy", "amount": 0.1}, {"trade_seq": 568, "trade_id": "180799384", "timestamp": 1632282398938, "tick_direction": 2, "price": 0.177, "mark_price": 0.17781424, "iv": 90.55, "instrument_name": "BTC-31DEC21-44000-C", "index_price": 42063.86, "direction": "buy", "amount": 0.2}, {"trade_seq": 567, "trade_id": "180798684", "timestamp": 1632282209177, "tick_direction": 2, "price": 0.1785, "mark_price": 0.17858743, "iv": 90.95, "instrument_name": "BTC-31DEC21-44000-C", "index_price": 42151.45, "direction": "buy", "amount": 0.2}, {"trade_seq": 566, "trade_id": "180798239", "timestamp": 1632281918485, "tick_direction": 2, "price": 0.179, "mark_price": 0.17926605, "iv": 90.9, "instrument_name": "BTC-31DEC21-44000-C", "index_price": 42206.85, "direction": "buy", "amount": 0.1}, {"trade_seq": 565, "trade_id": "180523733", "timestamp": 1632226445027, "tick_direction": 0, "price": 0.1915, "mark_price": 0.19219359, "iv": 90.47, "instrument_name": "BTC-31DEC21-44000-C", "index_price": 43536.14, "direction": "sell", "amount": 0.3}, {"trade_seq": 564, "trade_id": "180522255", "timestamp": 1632225816533, "tick_direction": 1, "price": 0.1895, "mark_price": 0.19023654, "iv": 90.48, "instrument_name": "BTC-31DEC21-44000-C", "index_price": 43333.41, "direction": "sell", "amount": 0.4}, {"trade_seq": 563, "trade_id": "180522249", "timestamp": 1632225812229, "tick_direction": 1, "price": 0.1895, "mark_price": 0.19027091, "iv": 90.46, "instrument_name": "BTC-31DEC21-44000-C", "index_price": 43340.36, "direction": "sell", "amount": 0.5}, {"trade_seq": 562, "trade_id": "180522247", "timestamp": 1632225811604, "tick_direction": 0, "price": 0.1895, "mark_price": 0.19027002, "iv": 90.46, "instrument_name": "BTC-31DEC21-44000-C", "index_price": 43340.36, "direction": "sell", "amount": 0.4}, {"trade_seq": 561, "trade_id": "180522038", "timestamp": 1632225724080, "tick_direction": 3, "price": 0.1885, "mark_price": 0.1892658, "iv": 90.45, "instrument_name": "BTC-31DEC21-44000-C", "index_price": 43239.3, "direction": "sell", "amount": 0.4}, {"trade_seq": 560, "trade_id": "180522037", "timestamp": 1632225723420, "tick_direction": 2, "price": 0.1885, "mark_price": 0.18919038, "iv": 90.47, "instrument_name": "BTC-31DEC21-44000-C", "index_price": 43243.09, "direction": "sell", "amount": 0.4}, {"trade_seq": 559, "trade_id": "180505193", "timestamp": 1632216594094, "tick_direction": 0, "price": 0.191, "mark_price": 0.18980815, "iv": 91.47, "instrument_name": "BTC-31DEC21-44000-C", "index_price": 43250.85, "direction": "sell", "amount": 0.2}, {"trade_seq": 558, "trade_id": "180450180", "timestamp": 1632192041426, "tick_direction": 2, "price": 0.1876, "mark_price": 0.18600999, "iv": 92.36, "instrument_name": "BTC-31DEC21-44000-C", "index_price": 42709.72, "direction": "buy", "block_trade_id": "20974", "amount": 12.0}, {"trade_seq": 557, "trade_id": "180368009", "timestamp": 1632182548627, "tick_direction": 2, "price": 0.188, "mark_price": 0.18889266, "iv": 91.58, "instrument_name": "BTC-31DEC21-44000-C", "index_price": 42910.95, "direction": "buy", "amount": 0.5}, {"trade_seq": 556, "trade_id": "180321464", "timestamp": 1632165257756, "tick_direction": 2, "price": 0.192, "mark_price": 0.19123249, "iv": 91.93, "instrument_name": "BTC-31DEC21-44000-C", "index_price": 43212.06, "direction": "sell", "amount": 0.2}, {"trade_seq": 555, "trade_id": "180308663", "timestamp": 1632162264289, "tick_direction": 3, "price": 0.194, "mark_price": 0.1933544, "iv": 91.01, "instrument_name": "BTC-31DEC21-44000-C", "index_price": 43606.91, "direction": "sell", "amount": 0.2}, {"trade_seq": 554, "trade_id": "180308603", "timestamp": 1632162255326, "tick_direction": 3, "price": 0.194, "mark_price": 0.19372639, "iv": 90.81, "instrument_name": "BTC-31DEC21-44000-C", "index_price": 43647.97, "direction": "sell", "amount": 0.4}, {"trade_seq": 553, "trade_id": "180308590", "timestamp": 1632162255109, "tick_direction": 2, "price": 0.194, "mark_price": 0.1939553, "iv": 90.81, "instrument_name": "BTC-31DEC21-44000-C", "index_price": 43647.97, "direction": "sell", "amount": 0.4}, {"trade_seq": 552, "trade_id": "180300082", "timestamp": 1632157038184, "tick_direction": 2, "price": 0.1945, "mark_price": 0.19540875, "iv": 89.94, "instrument_name": "BTC-31DEC21-44000-C", "index_price": 43891.27, "direction": "sell", "amount": 0.1}, {"trade_seq": 551, "trade_id": "180279262", "timestamp": 1632149965541, "tick_direction": 0, "price": 0.196, "mark_price": 0.19672148, "iv": 90.9, "instrument_name": "BTC-31DEC21-44000-C", "index_price": 43819.27, "direction": "sell", "amount": 0.1}, {"trade_seq": 550, "trade_id": "180272221", "timestamp": 1632147929766, "tick_direction": 0, "price": 0.1958, "mark_price": 0.19692393, "iv": 90.65, "instrument_name": "BTC-31DEC21-44000-C", "index_price": 43841.53, "direction": "sell", "block_trade_id": "20944", "amount": 30.0}, {"trade_seq": 549, "trade_id": "180229515", "timestamp": 1632140890104, "tick_direction": 2, "price": 0.1925, "mark_price": 0.19235676, "iv": 92.28, "instrument_name": "BTC-31DEC21-44000-C", "index_price": 43182.59, "direction": "buy", "amount": 1.0}, {"trade_seq": 548, "trade_id": "180165749", "timestamp": 1632133583272, "tick_direction": 2, "price": 0.208, "mark_price": 0.20814628, "iv": 91.17, "instrument_name": "BTC-31DEC21-44000-C", "index_price": 44902.03, "direction": "sell", "amount": 0.1}, {"trade_seq": 547, "trade_id": "180122744", "timestamp": 1632115355400, "tick_direction": 0, "price": 0.2155, "mark_price": 0.2148358, "iv": 90.78, "instrument_name": "BTC-31DEC21-44000-C", "index_price": 45762.8, "direction": "sell", "amount": 0.1}, {"trade_seq": 546, "trade_id": "179419943", "timestamp": 1631542772547, "tick_direction": 2, "price": 0.21, "mark_price": 0.21019951, "iv": 94.26, "instrument_name": "BTC-31DEC21-44000-C", "index_price": 43564.44, "direction": "sell", "amount": 1.0}, {"trade_seq": 545, "trade_id": "179419763", "timestamp": 1631542770750, "tick_direction": 2, "price": 0.2105, "mark_price": 0.21043167, "iv": 94.16, "instrument_name": "BTC-31DEC21-44000-C", "index_price": 43646.79, "direction": "sell", "amount": 0.1}, {"trade_seq": 544, "trade_id": "179400618", "timestamp": 1631541887868, "tick_direction": 2, "price": 0.217, "mark_price": 0.22062406, "iv": 92.48, "instrument_name": "BTC-31DEC21-44000-C", "index_price": 44644.73, "direction": "sell", "amount": 0.8}, {"trade_seq": 543, "trade_id": "179351995", "timestamp": 1631535005163, "tick_direction": 2, "price": 0.22, "mark_price": 0.22124534, "iv": 92.72, "instrument_name": "BTC-31DEC21-44000-C", "index_price": 44934.7, "direction": "sell", "amount": 0.1}, {"trade_seq": 542, "trade_id": "179049552", "timestamp": 1631286791260, "tick_direction": 2, "price": 0.2205, "mark_price": 0.21983191, "iv": 92.36, "instrument_name": "BTC-31DEC21-44000-C", "index_price": 44814.43, "direction": "sell", "amount": 0.1}, {"trade_seq": 541, "trade_id": "178855755", "timestamp": 1631188195785, "tick_direction": 3, "price": 0.234, "mark_price": 0.23405307, "iv": 91.17, "instrument_name": "BTC-31DEC21-44000-C", "index_price": 46302.41, "direction": "sell", "amount": 0.5}, {"trade_seq": 540, "trade_id": "178616233", "timestamp": 1631083243917, "tick_direction": 2, "price": 0.234, "mark_price": 0.2337537, "iv": 94.68, "instrument_name": "BTC-31DEC21-44000-C", "index_price": 45361.4, "direction": "sell", "amount": 0.1}, {"trade_seq": 539, "trade_id": "178490347", "timestamp": 1631038643158, "tick_direction": 2, "price": 0.2435, "mark_price": 0.24345482, "iv": 95.25, "instrument_name": "BTC-31DEC21-44000-C", "index_price": 46117.42, "direction": "sell", "amount": 0.1}, {"trade_seq": 538, "trade_id": "178119536", "timestamp": 1630976912221, "tick_direction": 3, "price": 0.303, "mark_price": 0.30356576, "iv": 95.27, "instrument_name": "BTC-31DEC21-44000-C", "index_price": 52502.72, "direction": "buy", "amount": 0.4}, {"trade_seq": 537, "trade_id": "178119512", "timestamp": 1630976870113, "tick_direction": 3, "price": 0.303, "mark_price": 0.30360703, "iv": 95.27, "instrument_name": "BTC-31DEC21-44000-C", "index_price": 52504.1, "direction": "buy", "amount": 0.6}, {"trade_seq": 536, "trade_id": "178119511", "timestamp": 1630976870104, "tick_direction": 2, "price": 0.303, "mark_price": 0.30360703, "iv": 95.27, "instrument_name": "BTC-31DEC21-44000-C", "index_price": 52504.1, "direction": "buy", "amount": 3.4}, {"trade_seq": 535, "trade_id": "178119501", "timestamp": 1630976847496, "tick_direction": 2, "price": 0.3035, "mark_price": 0.30379445, "iv": 95.47, "instrument_name": "BTC-31DEC21-44000-C", "index_price": 52518.98, "direction": "buy", "amount": 2.8}, {"trade_seq": 534, "trade_id": "178108216", "timestamp": 1630969056305, "tick_direction": 2, "price": 0.305, "mark_price": 0.30400224, "iv": 95.88, "instrument_name": "BTC-31DEC21-44000-C", "index_price": 52554.27, "direction": "sell", "amount": 0.3}, {"trade_seq": 533, "trade_id": "178100227", "timestamp": 1630965904786, "tick_direction": 0, "price": 0.3055, "mark_price": 0.29997028, "iv": 97.77, "instrument_name": "BTC-31DEC21-44000-C", "index_price": 52192.49, "direction": "buy", "amount": 1.0}, {"trade_seq": 532, "trade_id": "178096828", "timestamp": 1630965119540, "tick_direction": 1, "price": 0.3, "mark_price": 0.2990916, "iv": 95.29, "instrument_name": "BTC-31DEC21-44000-C", "index_price": 52081.09, "direction": "sell", "amount": 0.5}, {"trade_seq": 531, "trade_id": "178096826", "timestamp": 1630965118172, "tick_direction": 1, "price": 0.3, "mark_price": 0.29912348, "iv": 95.27, "instrument_name": "BTC-31DEC21-44000-C", "index_price": 52085.11, "direction": "sell", "amount": 0.4}, {"trade_seq": 530, "trade_id": "178096818", "timestamp": 1630965111785, "tick_direction": 1, "price": 0.3, "mark_price": 0.29909729, "iv": 95.27, "instrument_name": "BTC-31DEC21-44000-C", "index_price": 52084.43, "direction": "sell", "amount": 0.4}, {"trade_seq": 529, "trade_id": "178096814", "timestamp": 1630965090512, "tick_direction": 1, "price": 0.3, "mark_price": 0.29895715, "iv": 95.3, "instrument_name": "BTC-31DEC21-44000-C", "index_price": 52086.03, "direction": "sell", "amount": 0.4}, {"trade_seq": 528, "trade_id": "178096809", "timestamp": 1630965082665, "tick_direction": 1, "price": 0.3, "mark_price": 0.29900742, "iv": 95.29, "instrument_name": "BTC-31DEC21-44000-C", "index_price": 52094.09, "direction": "sell", "amount": 0.4}, {"trade_seq": 527, "trade_id": "178096808", "timestamp": 1630965079271, "tick_direction": 1, "price": 0.3, "mark_price": 0.29900042, "iv": 95.27, "instrument_name": "BTC-31DEC21-44000-C", "index_price": 52099.39, "direction": "sell", "amount": 0.4}, {"trade_seq": 526, "trade_id": "178096807", "timestamp": 1630965074703, "tick_direction": 0, "price": 0.3, "mark_price": 0.29899208, "iv": 95.25, "instrument_name": "BTC-31DEC21-44000-C", "index_price": 52101.65, "direction": "sell", "amount": 0.8}, {"trade_seq": 525, "trade_id": "178027724", "timestamp": 1630912828776, "tick_direction": 2, "price": 0.2978, "mark_price": 0.2975745, "iv": 95.83, "instrument_name": "BTC-31DEC21-44000-C", "index_price": 51801.79, "direction": "buy", "block_trade_id": "20159", "amount": 25.0}, {"trade_seq": 524, "trade_id": "178026277", "timestamp": 1630910915396, "tick_direction": 0, "price": 0.3004, "mark_price": 0.29758462, "iv": 96.59, "instrument_name": "BTC-31DEC21-44000-C", "index_price": 51906.25, "direction": "buy", "block_trade_id": "20156", "amount": 25.0}, {"trade_seq": 523, "trade_id": "178026235", "timestamp": 1630910837987, "tick_direction": 0, "price": 0.2995, "mark_price": 0.29734211, "iv": 96.14, "instrument_name": "BTC-31DEC21-44000-C", "index_price": 51900.92, "direction": "buy", "block_trade_id": "20155", "amount": 25.0}, {"trade_seq": 522, "trade_id": "177944911", "timestamp": 1630867078071, "tick_direction": 0, "price": 0.2815, "mark_price": 0.28136273, "iv": 94.33, "instrument_name": "BTC-31DEC21-44000-C", "index_price": 50399.43, "direction": "buy", "amount": 0.1}, {"trade_seq": 521, "trade_id": "176532824", "timestamp": 1629959956396, "tick_direction": 2, "price": 0.2505, "mark_price": 0.25059572, "iv": 91.83, "instrument_name": "BTC-31DEC21-44000-C", "index_price": 46838.61, "direction": "sell", "amount": 0.1}, {"trade_seq": 520, "trade_id": "175948818", "timestamp": 1629600039483, "tick_direction": 3, "price": 0.2755, "mark_price": 0.27589099, "iv": 92.71, "instrument_name": "BTC-31DEC21-44000-C", "index_price": 48805.76, "direction": "sell", "amount": 0.4}, {"trade_seq": 519, "trade_id": "175948817", "timestamp": 1629600039483, "tick_direction": 2, "price": 0.2755, "mark_price": 0.27589099, "iv": 92.71, "instrument_name": "BTC-31DEC21-44000-C", "index_price": 48805.76, "direction": "sell", "amount": 0.1}, {"trade_seq": 518, "trade_id": "175948775", "timestamp": 1629599995868, "tick_direction": 2, "price": 0.276, "mark_price": 0.27584966, "iv": 92.93, "instrument_name": "BTC-31DEC21-44000-C", "index_price": 48816.91, "direction": "sell", "amount": 0.1}, {"trade_seq": 517, "trade_id": "175849317", "timestamp": 1629542807185, "tick_direction": 0, "price": 0.281, "mark_price": 0.28059409, "iv": 94.39, "instrument_name": "BTC-31DEC21-44000-C", "index_price": 48978.75, "direction": "sell", "amount": 0.8}, {"trade_seq": 516, "trade_id": "175584801", "timestamp": 1629391659505, "tick_direction": 0, "price": 0.258, "mark_price": 0.25343598, "iv": 96.45, "instrument_name": "BTC-31DEC21-44000-C", "index_price": 45803.51, "direction": "sell", "amount": 0.6}, {"trade_seq": 515, "trade_id": "175484521", "timestamp": 1629343799163, "tick_direction": 2, "price": 0.235, "mark_price": 0.23795316, "iv": 92.91, "instrument_name": "BTC-31DEC21-44000-C", "index_price": 44151.55, "direction": "sell", "amount": 0.6}, {"trade_seq": 514, "trade_id": "175354537", "timestamp": 1629267834391, "tick_direction": 1, "price": 0.2525, "mark_price": 0.25168947, "iv": 95.57, "instrument_name": "BTC-31DEC21-44000-C", "index_price": 45283.87, "direction": "sell", "amount": 0.3}, {"trade_seq": 513, "trade_id": "175354536", "timestamp": 1629267834384, "tick_direction": 1, "price": 0.2525, "mark_price": 0.25168947, "iv": 95.57, "instrument_name": "BTC-31DEC21-44000-C", "index_price": 45283.87, "direction": "sell", "amount": 0.1}, {"trade_seq": 512, "trade_id": "175354533", "timestamp": 1629267834294, "tick_direction": 1, "price": 0.2525, "mark_price": 0.25168947, "iv": 95.57, "instrument_name": "BTC-31DEC21-44000-C", "index_price": 45283.87, "direction": "sell", "amount": 0.1}, {"trade_seq": 511, "trade_id": "175354500", "timestamp": 1629267833261, "tick_direction": 1, "price": 0.2525, "mark_price": 0.25187967, "iv": 95.48, "instrument_name": "BTC-31DEC21-44000-C", "index_price": 45304.33, "direction": "sell", "amount": 0.1}, {"trade_seq": 510, "trade_id": "175354496", "timestamp": 1629267833194, "tick_direction": 1, "price": 0.2525, "mark_price": 0.25187967, "iv": 95.48, "instrument_name": "BTC-31DEC21-44000-C", "index_price": 45304.33, "direction": "sell", "amount": 0.1}, {"trade_seq": 509, "trade_id": "175354432", "timestamp": 1629267811381, "tick_direction": 1, "price": 0.2525, "mark_price": 0.2522004, "iv": 95.32, "instrument_name": "BTC-31DEC21-44000-C", "index_price": 45337.85, "direction": "sell", "amount": 0.1}, {"trade_seq": 508, "trade_id": "175354431", "timestamp": 1629267811191, "tick_direction": 1, "price": 0.2525, "mark_price": 0.2522004, "iv": 95.32, "instrument_name": "BTC-31DEC21-44000-C", "index_price": 45337.85, "direction": "sell", "amount": 0.1}, {"trade_seq": 507, "trade_id": "175354414", "timestamp": 1629267810890, "tick_direction": 0, "price": 0.2525, "mark_price": 0.2522004, "iv": 95.32, "instrument_name": "BTC-31DEC21-44000-C", "index_price": 45337.85, "direction": "sell", "amount": 0.1}, {"trade_seq": 506, "trade_id": "175327597", "timestamp": 1629249945005, "tick_direction": 2, "price": 0.246, "mark_price": 0.24545972, "iv": 95.22, "instrument_name": "BTC-31DEC21-44000-C", "index_price": 44664.93, "direction": "buy", "amount": 0.1}, {"trade_seq": 505, "trade_id": "175127288", "timestamp": 1629144160004, "tick_direction": 2, "price": 0.262, "mark_price": 0.26226113, "iv": 96.06, "instrument_name": "BTC-31DEC21-44000-C", "index_price": 46016.4, "direction": "sell", "amount": 0.1}, {"trade_seq": 504, "trade_id": "175084443", "timestamp": 1629121936800, "tick_direction": 2, "price": 0.268, "mark_price": 0.26791776, "iv": 96.92, "instrument_name": "BTC-31DEC21-44000-C", "index_price": 46460.35, "direction": "sell", "amount": 0.1}