{"trades": [{"trade_seq": 119, "trade_id": "196913918", "timestamp": 1640762820502, "tick_direction": 2, "price": 0.41, "mark_price": 0.41277386, "iv": 0.0, "instrument_name": "BTC-31DEC21-28000-C", "index_price": 47653.27, "direction": "sell", "amount": 0.6}, {"trade_seq": 118, "trade_id": "196226756", "timestamp": 1640281423659, "tick_direction": 0, "price": 0.44, "mark_price": 0.43941527, "iv": 172.73, "instrument_name": "BTC-31DEC21-28000-C", "index_price": 49840.59, "direction": "buy", "amount": 0.2}, {"trade_seq": 117, "trade_id": "195300940", "timestamp": 1639605411359, "tick_direction": 0, "price": 0.435, "mark_price": 0.43446598, "iv": 136.92, "instrument_name": "BTC-31DEC21-28000-C", "index_price": 49250.93, "direction": "buy", "amount": 0.1}, {"trade_seq": 116, "trade_id": "195218825", "timestamp": 1639589791110, "tick_direction": 2, "price": 0.4095, "mark_price": 0.40958973, "iv": 127.47, "instrument_name": "BTC-31DEC21-28000-C", "index_price": 47157.06, "direction": "buy", "amount": 0.7}, {"trade_seq": 115, "trade_id": "194549869", "timestamp": 1639164470111, "tick_direction": 2, "price": 0.4215, "mark_price": 0.42127457, "iv": 118.45, "instrument_name": "BTC-31DEC21-28000-C", "index_price": 48041.89, "direction": "buy", "amount": 0.1}, {"trade_seq": 114, "trade_id": "193143250", "timestamp": 1638594154200, "tick_direction": 2, "price": 0.44, "mark_price": 0.44537166, "iv": 0.0, "instrument_name": "BTC-31DEC21-28000-C", "index_price": 50171.56, "direction": "sell", "amount": 0.5}, {"trade_seq": 113, "trade_id": "193028229", "timestamp": 1638562758095, "tick_direction": 2, "price": 0.467, "mark_price": 0.46852599, "iv": 0.0, "instrument_name": "BTC-31DEC21-28000-C", "index_price": 52103.24, "direction": "sell", "amount": 5.0}, {"trade_seq": 112, "trade_id": "186961888", "timestamp": 1635414637043, "tick_direction": 0, "price": 0.557, "mark_price": 0.55696528, "iv": 111.52, "instrument_name": "BTC-31DEC21-28000-C", "index_price": 61033.0, "direction": "sell", "amount": 0.8}, {"trade_seq": 111, "trade_id": "186959740", "timestamp": 1635414333119, "tick_direction": 0, "price": 0.5555, "mark_price": 0.55519334, "iv": 111.65, "instrument_name": "BTC-31DEC21-28000-C", "index_price": 60871.48, "direction": "sell", "amount": 1.1}, {"trade_seq": 110, "trade_id": "186694257", "timestamp": 1635321722024, "tick_direction": 2, "price": 0.544, "mark_price": 0.54437405, "iv": 105.36, "instrument_name": "BTC-31DEC21-28000-C", "index_price": 59441.75, "direction": "sell", "amount": 6.0}, {"trade_seq": 109, "trade_id": "185563491", "timestamp": 1634775919941, "tick_direction": 0, "price": 0.5925, "mark_price": 0.5925461, "iv": 113.74, "instrument_name": "BTC-31DEC21-28000-C", "index_price": 65718.74, "direction": "buy", "amount": 0.1}, {"trade_seq": 108, "trade_id": "184754934", "timestamp": 1634385497977, "tick_direction": 1, "price": 0.5645, "mark_price": 0.56518005, "iv": 107.54, "instrument_name": "BTC-31DEC21-28000-C", "index_price": 61692.74, "direction": "buy", "amount": 1.0}, {"trade_seq": 107, "trade_id": "184754864", "timestamp": 1634385433654, "tick_direction": 1, "price": 0.5645, "mark_price": 0.56478636, "iv": 108.56, "instrument_name": "BTC-31DEC21-28000-C", "index_price": 61663.89, "direction": "buy", "amount": 0.7}, {"trade_seq": 106, "trade_id": "184754863", "timestamp": 1634385433647, "tick_direction": 1, "price": 0.5645, "mark_price": 0.56478636, "iv": 108.56, "instrument_name": "BTC-31DEC21-28000-C", "index_price": 61663.89, "direction": "buy", "amount": 1.1}, {"trade_seq": 105, "trade_id": "184754842", "timestamp": 1634385427831, "tick_direction": 1, "price": 0.5645, "mark_price": 0.56470242, "iv": 109.06, "instrument_name": "BTC-31DEC21-28000-C", "index_price": 61638.45, "direction": "buy", "amount": 0.1}, {"trade_seq": 104, "trade_id": "184754840", "timestamp": 1634385425494, "tick_direction": 0, "price": 0.5645, "mark_price": 0.56470065, "iv": 109.02, "instrument_name": "BTC-31DEC21-28000-C", "index_price": 61642.84, "direction": "buy", "amount": 0.1}, {"trade_seq": 103, "trade_id": "184529069", "timestamp": 1634303978158, "tick_direction": 1, "price": 0.557, "mark_price": 0.55572292, "iv": 118.54, "instrument_name": "BTC-31DEC21-28000-C", "index_price": 59805.34, "direction": "sell", "amount": 2.7}, {"trade_seq": 102, "trade_id": "184529068", "timestamp": 1634303978156, "tick_direction": 0, "price": 0.557, "mark_price": 0.55572292, "iv": 118.54, "instrument_name": "BTC-31DEC21-28000-C", "index_price": 59805.34, "direction": "sell", "amount": 3.3}, {"trade_seq": 101, "trade_id": "183166642", "timestamp": 1633539255733, "tick_direction": 0, "price": 0.513, "mark_price": 0.51224003, "iv": 101.12, "instrument_name": "BTC-31DEC21-28000-C", "index_price": 54849.23, "direction": "sell", "amount": 1.5}, {"trade_seq": 100, "trade_id": "183166447", "timestamp": 1633539119877, "tick_direction": 1, "price": 0.512, "mark_price": 0.51160804, "iv": 100.39, "instrument_name": "BTC-31DEC21-28000-C", "index_price": 54756.35, "direction": "sell", "amount": 0.4}, {"trade_seq": 99, "trade_id": "183166445", "timestamp": 1633539119510, "tick_direction": 1, "price": 0.512, "mark_price": 0.51160919, "iv": 100.3, "instrument_name": "BTC-31DEC21-28000-C", "index_price": 54761.46, "direction": "sell", "amount": 0.7}, {"trade_seq": 98, "trade_id": "183166444", "timestamp": 1633539119034, "tick_direction": 0, "price": 0.512, "mark_price": 0.51160919, "iv": 100.3, "instrument_name": "BTC-31DEC21-28000-C", "index_price": 54761.46, "direction": "sell", "amount": 0.4}, {"trade_seq": 97, "trade_id": "182846199", "timestamp": 1633394543916, "tick_direction": 0, "price": 0.468, "mark_price": 0.46794114, "iv": 98.8, "instrument_name": "BTC-31DEC21-28000-C", "index_price": 49747.49, "direction": "buy", "amount": 0.1}, {"trade_seq": 96, "trade_id": "182844765", "timestamp": 1633394495839, "tick_direction": 0, "price": 0.467, "mark_price": 0.46652366, "iv": 99.2, "instrument_name": "BTC-31DEC21-28000-C", "index_price": 49603.22, "direction": "buy", "amount": 0.1}, {"trade_seq": 95, "trade_id": "181978480", "timestamp": 1632872620731, "tick_direction": 2, "price": 0.37, "mark_price": 0.37028991, "iv": 94.02, "instrument_name": "BTC-31DEC21-28000-C", "index_price": 41023.01, "direction": "sell", "amount": 2.0}, {"trade_seq": 94, "trade_id": "180654966", "timestamp": 1632257428563, "tick_direction": 2, "price": 0.377, "mark_price": 0.37837846, "iv": 96.14, "instrument_name": "BTC-31DEC21-28000-C", "index_price": 40827.33, "direction": "buy", "amount": 3.0}, {"trade_seq": 93, "trade_id": "180385573", "timestamp": 1632183612540, "tick_direction": 2, "price": 0.379, "mark_price": 0.38658541, "iv": 92.92, "instrument_name": "BTC-31DEC21-28000-C", "index_price": 41420.26, "direction": "sell", "amount": 3.0}, {"trade_seq": 92, "trade_id": "179961107", "timestamp": 1631973798108, "tick_direction": 2, "price": 0.466, "mark_price": 0.46591482, "iv": 98.97, "instrument_name": "BTC-31DEC21-28000-C", "index_price": 48490.94, "direction": "buy", "amount": 0.1}, {"trade_seq": 91, "trade_id": "177826697", "timestamp": 1630741915903, "tick_direction": 0, "price": 0.495, "mark_price": 0.48847711, "iv": 106.36, "instrument_name": "BTC-31DEC21-28000-C", "index_price": 50195.05, "direction": "buy", "amount": 0.6}, {"trade_seq": 90, "trade_id": "176409171", "timestamp": 1629897672413, "tick_direction": 0, "price": 0.468, "mark_price": 0.47016029, "iv": 96.77, "instrument_name": "BTC-31DEC21-28000-C", "index_price": 47772.77, "direction": "buy", "amount": 10.0}, {"trade_seq": 89, "trade_id": "170124690", "timestamp": 1627031179937, "tick_direction": 0, "price": 0.28, "mark_price": 0.28059456, "iv": 80.13, "instrument_name": "BTC-31DEC21-28000-C", "index_price": 32415.57, "direction": "buy", "amount": 0.1}, {"trade_seq": 88, "trade_id": "169801630", "timestamp": 1626882362898, "tick_direction": 1, "price": 0.2765, "mark_price": 0.27580227, "iv": 82.84, "instrument_name": "BTC-31DEC21-28000-C", "index_price": 31818.54, "direction": "buy", "amount": 0.2}, {"trade_seq": 87, "trade_id": "169801421", "timestamp": 1626882176797, "tick_direction": 1, "price": 0.2765, "mark_price": 0.27594648, "iv": 82.85, "instrument_name": "BTC-31DEC21-28000-C", "index_price": 31821.44, "direction": "buy", "amount": 0.1}, {"trade_seq": 86, "trade_id": "169801418", "timestamp": 1626882176582, "tick_direction": 1, "price": 0.2765, "mark_price": 0.27594748, "iv": 82.85, "instrument_name": "BTC-31DEC21-28000-C", "index_price": 31821.44, "direction": "buy", "amount": 0.1}, {"trade_seq": 85, "trade_id": "169798380", "timestamp": 1626881578573, "tick_direction": 1, "price": 0.2765, "mark_price": 0.27641412, "iv": 82.72, "instrument_name": "BTC-31DEC21-28000-C", "index_price": 31851.98, "direction": "buy", "amount": 0.5}, {"trade_seq": 84, "trade_id": "169796326", "timestamp": 1626880378296, "tick_direction": 1, "price": 0.2765, "mark_price": 0.27622521, "iv": 82.75, "instrument_name": "BTC-31DEC21-28000-C", "index_price": 31844.62, "direction": "buy", "amount": 0.2}, {"trade_seq": 83, "trade_id": "169796313", "timestamp": 1626880371244, "tick_direction": 0, "price": 0.2765, "mark_price": 0.27617314, "iv": 82.77, "instrument_name": "BTC-31DEC21-28000-C", "index_price": 31841.7, "direction": "buy", "amount": 0.1}, {"trade_seq": 82, "trade_id": "169774696", "timestamp": 1626870331587, "tick_direction": 0, "price": 0.273, "mark_price": 0.27261376, "iv": 82.69, "instrument_name": "BTC-31DEC21-28000-C", "index_price": 31559.67, "direction": "buy", "amount": 0.2}, {"trade_seq": 81, "trade_id": "169588702", "timestamp": 1626795207216, "tick_direction": 2, "price": 0.255, "mark_price": 0.25395867, "iv": 84.81, "instrument_name": "BTC-31DEC21-28000-C", "index_price": 29941.24, "direction": "buy", "amount": 0.1}, {"trade_seq": 80, "trade_id": "168867771", "timestamp": 1626429695446, "tick_direction": 2, "price": 0.2835, "mark_price": 0.27895242, "iv": 86.67, "instrument_name": "BTC-31DEC21-28000-C", "index_price": 31399.28, "direction": "buy", "amount": 0.7}, {"trade_seq": 79, "trade_id": "161963138", "timestamp": 1623614899602, "tick_direction": 0, "price": 0.424, "mark_price": 0.42542222, "iv": 98.63, "instrument_name": "BTC-31DEC21-28000-C", "index_price": 38728.85, "direction": "buy", "amount": 0.6}, {"trade_seq": 78, "trade_id": "161291803", "timestamp": 1623321251750, "tick_direction": 0, "price": 0.419, "mark_price": 0.42004565, "iv": 98.01, "instrument_name": "BTC-31DEC21-28000-C", "index_price": 38253.04, "direction": "buy", "amount": 0.1}, {"trade_seq": 77, "trade_id": "160335483", "timestamp": 1623030402319, "tick_direction": 2, "price": 0.408, "mark_price": 0.40876992, "iv": 100.42, "instrument_name": "BTC-31DEC21-28000-C", "index_price": 36612.37, "direction": "buy", "amount": 0.2}, {"trade_seq": 76, "trade_id": "158010491", "timestamp": 1621958038815, "tick_direction": 0, "price": 0.45, "mark_price": 0.44795722, "iv": 109.07, "instrument_name": "BTC-31DEC21-28000-C", "index_price": 38159.81, "direction": "sell", "amount": 0.2}, {"trade_seq": 75, "trade_id": "157490533", "timestamp": 1621815483886, "tick_direction": 0, "price": 0.44, "mark_price": 0.43945715, "iv": 115.17, "instrument_name": "BTC-31DEC21-28000-C", "index_price": 35688.59, "direction": "buy", "amount": 0.1}, {"trade_seq": 74, "trade_id": "157350470", "timestamp": 1621789501225, "tick_direction": 0, "price": 0.4195, "mark_price": 0.42265093, "iv": 116.78, "instrument_name": "BTC-31DEC21-28000-C", "index_price": 33236.4, "direction": "buy", "amount": 0.1}, {"trade_seq": 73, "trade_id": "157313506", "timestamp": 1621786777279, "tick_direction": 0, "price": 0.4145, "mark_price": 0.41107362, "iv": 118.13, "instrument_name": "BTC-31DEC21-28000-C", "index_price": 32495.21, "direction": "buy", "amount": 0.1}, {"trade_seq": 72, "trade_id": "157312913", "timestamp": 1621786732668, "tick_direction": 0, "price": 0.41, "mark_price": 0.40799294, "iv": 117.41, "instrument_name": "BTC-31DEC21-28000-C", "index_price": 32270.51, "direction": "buy", "amount": 0.1}, {"trade_seq": 71, "trade_id": "157312821", "timestamp": 1621786726298, "tick_direction": 2, "price": 0.4085, "mark_price": 0.40678568, "iv": 117.14, "instrument_name": "BTC-31DEC21-28000-C", "index_price": 32201.8, "direction": "buy", "amount": 0.1}, {"trade_seq": 70, "trade_id": "155882858", "timestamp": 1621531305298, "tick_direction": 0, "price": 0.4545, "mark_price": 0.4526801, "iv": 106.06, "instrument_name": "BTC-31DEC21-28000-C", "index_price": 39186.48, "direction": "sell", "amount": 5.6}, {"trade_seq": 69, "trade_id": "154809281", "timestamp": 1621431856024, "tick_direction": 0, "price": 0.4495, "mark_price": 0.44247842, "iv": 114.73, "instrument_name": "BTC-31DEC21-28000-C", "index_price": 37013.43, "direction": "buy", "amount": 0.1}, {"trade_seq": 68, "trade_id": "154708602", "timestamp": 1621429424185, "tick_direction": 2, "price": 0.376, "mark_price": 0.37904533, "iv": 107.9, "instrument_name": "BTC-31DEC21-28000-C", "index_price": 32624.52, "direction": "buy", "amount": 0.3}, {"trade_seq": 67, "trade_id": "153778773", "timestamp": 1621331921769, "tick_direction": 0, "price": 0.503, "mark_price": 0.50842237, "iv": 100.96, "instrument_name": "BTC-31DEC21-28000-C", "index_price": 45047.26, "direction": "sell", "block_trade_id": "13602", "amount": 2.0}, {"trade_seq": 66, "trade_id": "153551505", "timestamp": 1621293148634, "tick_direction": 1, "price": 0.4995, "mark_price": 0.49702746, "iv": 110.53, "instrument_name": "BTC-31DEC21-28000-C", "index_price": 42566.09, "direction": "sell", "amount": 0.3}, {"trade_seq": 65, "trade_id": "153551472", "timestamp": 1621293147113, "tick_direction": 1, "price": 0.4995, "mark_price": 0.4974029, "iv": 110.34, "instrument_name": "BTC-31DEC21-28000-C", "index_price": 42613.59, "direction": "sell", "amount": 0.7}, {"trade_seq": 64, "trade_id": "153551458", "timestamp": 1621293146890, "tick_direction": 1, "price": 0.4995, "mark_price": 0.4974029, "iv": 110.34, "instrument_name": "BTC-31DEC21-28000-C", "index_price": 42613.59, "direction": "sell", "amount": 0.4}, {"trade_seq": 63, "trade_id": "153551448", "timestamp": 1621293146692, "tick_direction": 0, "price": 0.4995, "mark_price": 0.4974029, "iv": 110.34, "instrument_name": "BTC-31DEC21-28000-C", "index_price": 42613.59, "direction": "sell", "amount": 5.0}, {"trade_seq": 62, "trade_id": "152454478", "timestamp": 1621203464475, "tick_direction": 0, "price": 0.4945, "mark_price": 0.49788638, "iv": 86.92, "instrument_name": "BTC-31DEC21-28000-C", "index_price": 46243.26, "direction": "buy", "amount": 0.1}, {"trade_seq": 61, "trade_id": "152442925", "timestamp": 1621202613065, "tick_direction": 0, "price": 0.4895, "mark_price": 0.49124734, "iv": 88.3, "instrument_name": "BTC-31DEC21-28000-C", "index_price": 45484.14, "direction": "buy", "amount": 0.1}, {"trade_seq": 60, "trade_id": "152431229", "timestamp": 1621201329717, "tick_direction": 2, "price": 0.4865, "mark_price": 0.48812375, "iv": 88.78, "instrument_name": "BTC-31DEC21-28000-C", "index_price": 45154.43, "direction": "buy", "amount": 0.1}, {"trade_seq": 59, "trade_id": "152136634", "timestamp": 1621174862707, "tick_direction": 0, "price": 0.5295, "mark_price": 0.52936299, "iv": 92.27, "instrument_name": "BTC-31DEC21-28000-C", "index_price": 49107.96, "direction": "buy", "amount": 0.1}, {"trade_seq": 58, "trade_id": "151948698", "timestamp": 1621120410977, "tick_direction": 2, "price": 0.4985, "mark_price": 0.52028632, "iv": 77.87, "instrument_name": "BTC-31DEC21-28000-C", "index_price": 47732.47, "direction": "sell", "amount": 12.0}, {"trade_seq": 57, "trade_id": "151421463", "timestamp": 1620977759118, "tick_direction": 2, "price": 0.537, "mark_price": 0.53697616, "iv": 91.44, "instrument_name": "BTC-31DEC21-28000-C", "index_price": 50140.45, "direction": "buy", "amount": 0.1}, {"trade_seq": 56, "trade_id": "150455303", "timestamp": 1620838508098, "tick_direction": 0, "price": 0.573, "mark_price": 0.57325321, "iv": 88.16, "instrument_name": "BTC-31DEC21-28000-C", "index_price": 54939.76, "direction": "buy", "amount": 0.1}, {"trade_seq": 55, "trade_id": "150455233", "timestamp": 1620838490592, "tick_direction": 3, "price": 0.572, "mark_price": 0.57299053, "iv": 87.46, "instrument_name": "BTC-31DEC21-28000-C", "index_price": 54921.17, "direction": "buy", "amount": 0.1}, {"trade_seq": 54, "trade_id": "150454791", "timestamp": 1620838402861, "tick_direction": 2, "price": 0.572, "mark_price": 0.57270572, "iv": 87.6, "instrument_name": "BTC-31DEC21-28000-C", "index_price": 54879.27, "direction": "buy", "amount": 0.1}, {"trade_seq": 53, "trade_id": "144061202", "timestamp": 1618732968624, "tick_direction": 3, "price": 0.586, "mark_price": 0.58769974, "iv": 78.29, "instrument_name": "BTC-31DEC21-28000-C", "index_price": 56401.28, "direction": "sell", "amount": 0.1}, {"trade_seq": 52, "trade_id": "144061181", "timestamp": 1618732968283, "tick_direction": 3, "price": 0.586, "mark_price": 0.5877467, "iv": 78.18, "instrument_name": "BTC-31DEC21-28000-C", "index_price": 56419.07, "direction": "sell", "amount": 0.1}, {"trade_seq": 51, "trade_id": "144061168", "timestamp": 1618732967671, "tick_direction": 2, "price": 0.586, "mark_price": 0.5877467, "iv": 78.18, "instrument_name": "BTC-31DEC21-28000-C", "index_price": 56419.07, "direction": "sell", "amount": 0.1}, {"trade_seq": 50, "trade_id": "142167156", "timestamp": 1618213914992, "tick_direction": 0, "price": 0.6305, "mark_price": 0.63769183, "iv": 72.76, "instrument_name": "BTC-31DEC21-28000-C", "index_price": 60722.95, "direction": "sell", "amount": 0.1}, {"trade_seq": 49, "trade_id": "141622208", "timestamp": 1617984782602, "tick_direction": 0, "price": 0.613, "mark_price": 0.61332297, "iv": 80.95, "instrument_name": "BTC-31DEC21-28000-C", "index_price": 58016.0, "direction": "buy", "block_trade_id": "10483", "amount": 94.5}, {"trade_seq": 48, "trade_id": "140274606", "timestamp": 1617292669243, "tick_direction": 2, "price": 0.6085, "mark_price": 0.6230474, "iv": 65.76, "instrument_name": "BTC-31DEC21-28000-C", "index_price": 59059.86, "direction": "buy", "amount": 0.1}, {"trade_seq": 47, "trade_id": "135161818", "timestamp": 1615509400995, "tick_direction": 0, "price": 0.609, "mark_price": 0.62324058, "iv": 81.33, "instrument_name": "BTC-31DEC21-28000-C", "index_price": 57162.39, "direction": "sell", "amount": 0.3}, {"trade_seq": 46, "trade_id": "131906547", "timestamp": 1614339567097, "tick_direction": 2, "price": 0.5435, "mark_price": 0.54142178, "iv": 89.05, "instrument_name": "BTC-31DEC21-28000-C", "index_price": 46189.38, "direction": "buy", "amount": 5.0}, {"trade_seq": 45, "trade_id": "131668558", "timestamp": 1614303122760, "tick_direction": 2, "price": 0.57, "mark_price": 0.55480626, "iv": 97.71, "instrument_name": "BTC-31DEC21-28000-C", "index_price": 47310.36, "direction": "buy", "amount": 0.2}, {"trade_seq": 44, "trade_id": "127945327", "timestamp": 1613403172678, "tick_direction": 0, "price": 0.5865, "mark_price": 0.57185604, "iv": 103.81, "instrument_name": "BTC-31DEC21-28000-C", "index_price": 47869.56, "direction": "sell", "amount": 0.1}, {"trade_seq": 43, "trade_id": "126134038", "timestamp": 1612832814957, "tick_direction": 0, "price": 0.5725, "mark_price": 0.57213646, "iv": 103.31, "instrument_name": "BTC-31DEC21-28000-C", "index_price": 46507.6, "direction": "buy", "amount": 2.0}, {"trade_seq": 42, "trade_id": "125719909", "timestamp": 1612778929683, "tick_direction": 0, "price": 0.539, "mark_price": 0.49638581, "iv": 113.34, "instrument_name": "BTC-31DEC21-28000-C", "index_price": 39009.1, "direction": "sell", "amount": 2.0}, {"trade_seq": 41, "trade_id": "125575501", "timestamp": 1612714831703, "tick_direction": 0, "price": 0.4805, "mark_price": 0.47840157, "iv": 95.26, "instrument_name": "BTC-31DEC21-28000-C", "index_price": 37609.33, "direction": "sell", "amount": 1.3}, {"trade_seq": 40, "trade_id": "124165559", "timestamp": 1612193134683, "tick_direction": 2, "price": 0.4405, "mark_price": 0.46590377, "iv": 94.18, "instrument_name": "BTC-31DEC21-28000-C", "index_price": 33524.83, "direction": "sell", "amount": 3.2}, {"trade_seq": 39, "trade_id": "123602255", "timestamp": 1611977126114, "tick_direction": 2, "price": 0.4755, "mark_price": 0.47722301, "iv": 106.19, "instrument_name": "BTC-31DEC21-28000-C", "index_price": 33505.44, "direction": "sell", "amount": 0.1}, {"trade_seq": 38, "trade_id": "123429556", "timestamp": 1611945418013, "tick_direction": 0, "price": 0.4965, "mark_price": 0.48987132, "iv": 107.18, "instrument_name": "BTC-31DEC21-28000-C", "index_price": 35281.92, "direction": "sell", "amount": 0.1}, {"trade_seq": 37, "trade_id": "122381023", "timestamp": 1611762698172, "tick_direction": 2, "price": 0.44, "mark_price": 0.41996953, "iv": 106.57, "instrument_name": "BTC-31DEC21-28000-C", "index_price": 30390.61, "direction": "sell", "amount": 0.1}, {"trade_seq": 36, "trade_id": "120158133", "timestamp": 1611194685484, "tick_direction": 2, "price": 0.46, "mark_price": 0.47044253, "iv": 94.98, "instrument_name": "BTC-31DEC21-28000-C", "index_price": 34675.95, "direction": "sell", "amount": 0.4}, {"trade_seq": 35, "trade_id": "116819574", "timestamp": 1610381085490, "tick_direction": 0, "price": 0.4985, "mark_price": 0.47165842, "iv": 114.42, "instrument_name": "BTC-31DEC21-28000-C", "index_price": 31754.23, "direction": "buy", "amount": 1.0}, {"trade_seq": 34, "trade_id": "116353927", "timestamp": 1610343531070, "tick_direction": 0, "price": 0.49, "mark_price": 0.49725131, "iv": 100.84, "instrument_name": "BTC-31DEC21-28000-C", "index_price": 35152.46, "direction": "buy", "amount": 0.4}, {"trade_seq": 33, "trade_id": "113858010", "timestamp": 1609903696766, "tick_direction": 0, "price": 0.44, "mark_price": 0.44239239, "iv": 85.96, "instrument_name": "BTC-31DEC21-28000-C", "index_price": 33917.54, "direction": "sell", "amount": 0.2}, {"trade_seq": 32, "trade_id": "113180751", "timestamp": 1609755477709, "tick_direction": 2, "price": 0.3825, "mark_price": 0.36881384, "iv": 85.31, "instrument_name": "BTC-31DEC21-28000-C", "index_price": 28287.23, "direction": "sell", "amount": 0.2}, {"trade_seq": 31, "trade_id": "112721961", "timestamp": 1609656360954, "tick_direction": 0, "price": 0.431, "mark_price": 0.43086276, "iv": 81.58, "instrument_name": "BTC-31DEC21-28000-C", "index_price": 34058.11, "direction": "buy", "amount": 0.1}, {"trade_seq": 30, "trade_id": "112574802", "timestamp": 1609620910113, "tick_direction": 0, "price": 0.3905, "mark_price": 0.40489909, "iv": 77.13, "instrument_name": "BTC-31DEC21-28000-C", "index_price": 31540.4, "direction": "sell", "amount": 0.1}, {"trade_seq": 29, "trade_id": "112316330", "timestamp": 1609568617287, "tick_direction": 0, "price": 0.3745, "mark_price": 0.37074774, "iv": 80.29, "instrument_name": "BTC-31DEC21-28000-C", "index_price": 29660.87, "direction": "buy", "amount": 3.2}, {"trade_seq": 28, "trade_id": "112256010", "timestamp": 1609526603608, "tick_direction": 1, "price": 0.3505, "mark_price": 0.34658733, "iv": 76.3, "instrument_name": "BTC-31DEC21-28000-C", "index_price": 28966.89, "direction": "sell", "amount": 0.1}, {"trade_seq": 27, "trade_id": "112055482", "timestamp": 1609425188891, "tick_direction": 0, "price": 0.3505, "mark_price": 0.34781476, "iv": 79.1, "instrument_name": "BTC-31DEC21-28000-C", "index_price": 28165.03, "direction": "sell", "amount": 0.1}, {"trade_seq": 26, "trade_id": "111707605", "timestamp": 1609310211606, "tick_direction": 0, "price": 0.349, "mark_price": 0.35185782, "iv": 76.16, "instrument_name": "BTC-31DEC21-28000-C", "index_price": 28281.62, "direction": "sell", "amount": 0.1}, {"trade_seq": 25, "trade_id": "111694032", "timestamp": 1609303437455, "tick_direction": 0, "price": 0.3465, "mark_price": 0.34768349, "iv": 77.03, "instrument_name": "BTC-31DEC21-28000-C", "index_price": 27917.04, "direction": "sell", "amount": 0.2}, {"trade_seq": 24, "trade_id": "111690834", "timestamp": 1609301922337, "tick_direction": 0, "price": 0.346, "mark_price": 0.34505616, "iv": 77.54, "instrument_name": "BTC-31DEC21-28000-C", "index_price": 27779.42, "direction": "sell", "amount": 0.1}, {"trade_seq": 23, "trade_id": "111581292", "timestamp": 1609263161065, "tick_direction": 0, "price": 0.33, "mark_price": 0.30397138, "iv": 79.4, "instrument_name": "BTC-31DEC21-28000-C", "index_price": 26423.73, "direction": "sell", "amount": 0.1}, {"trade_seq": 22, "trade_id": "111577136", "timestamp": 1609261215481, "tick_direction": 2, "price": 0.305, "mark_price": 0.30599009, "iv": 72.65, "instrument_name": "BTC-31DEC21-28000-C", "index_price": 26395.2, "direction": "sell", "amount": 4.9}, {"trade_seq": 21, "trade_id": "111577135", "timestamp": 1609261215481, "tick_direction": 2, "price": 0.3105, "mark_price": 0.30599009, "iv": 74.17, "instrument_name": "BTC-31DEC21-28000-C", "index_price": 26395.2, "direction": "sell", "amount": 0.1}, {"trade_seq": 20, "trade_id": "111461754", "timestamp": 1609210185000, "tick_direction": 0, "price": 0.3295, "mark_price": 0.32885126, "iv": 76.78, "instrument_name": "BTC-31DEC21-28000-C", "index_price": 26893.35, "direction": "buy", "amount": 0.1}, {"trade_seq": 19, "trade_id": "111428363", "timestamp": 1609192677294, "tick_direction": 2, "price": 0.3205, "mark_price": 0.32368587, "iv": 74.59, "instrument_name": "BTC-31DEC21-28000-C", "index_price": 26671.02, "direction": "sell", "amount": 0.1}, {"trade_seq": 18, "trade_id": "111422980", "timestamp": 1609188991499, "tick_direction": 2, "price": 0.3275, "mark_price": 0.32866629, "iv": 76.17, "instrument_name": "BTC-31DEC21-28000-C", "index_price": 26824.91, "direction": "buy", "amount": 0.1}, {"trade_seq": 17, "trade_id": "111415130", "timestamp": 1609185544558, "tick_direction": 2, "price": 0.3295, "mark_price": 0.33058302, "iv": 76.17, "instrument_name": "BTC-31DEC21-28000-C", "index_price": 26954.49, "direction": "buy", "amount": 0.1}, {"trade_seq": 16, "trade_id": "111414435", "timestamp": 1609185343047, "tick_direction": 2, "price": 0.33, "mark_price": 0.33103888, "iv": 76.17, "instrument_name": "BTC-31DEC21-28000-C", "index_price": 27011.41, "direction": "buy", "amount": 0.1}, {"trade_seq": 15, "trade_id": "111413489", "timestamp": 1609184988501, "tick_direction": 0, "price": 0.331, "mark_price": 0.33206622, "iv": 76.03, "instrument_name": "BTC-31DEC21-28000-C", "index_price": 27070.98, "direction": "buy", "amount": 0.1}, {"trade_seq": 14, "trade_id": "111389108", "timestamp": 1609170012906, "tick_direction": 3, "price": 0.33, "mark_price": 0.33479955, "iv": 76.68, "instrument_name": "BTC-31DEC21-28000-C", "index_price": 26929.53, "direction": "sell", "amount": 1.7}, {"trade_seq": 13, "trade_id": "111389014", "timestamp": 1609170004146, "tick_direction": 2, "price": 0.33, "mark_price": 0.33502025, "iv": 76.62, "instrument_name": "BTC-31DEC21-28000-C", "index_price": 26942.73, "direction": "sell", "amount": 7.3}, {"trade_seq": 12, "trade_id": "111383891", "timestamp": 1609168355552, "tick_direction": 0, "price": 0.3345, "mark_price": 0.3374379, "iv": 76.87, "instrument_name": "BTC-31DEC21-28000-C", "index_price": 27106.43, "direction": "buy", "amount": 7.2}, {"trade_seq": 11, "trade_id": "111373049", "timestamp": 1609162288425, "tick_direction": 2, "price": 0.33, "mark_price": 0.34055013, "iv": 74.95, "instrument_name": "BTC-31DEC21-28000-C", "index_price": 27293.09, "direction": "sell", "amount": 1.0}, {"trade_seq": 10, "trade_id": "111355548", "timestamp": 1609156149497, "tick_direction": 2, "price": 0.333, "mark_price": 0.33580481, "iv": 77.49, "instrument_name": "BTC-31DEC21-28000-C", "index_price": 26796.41, "direction": "buy", "amount": 0.3}, {"trade_seq": 9, "trade_id": "111309819", "timestamp": 1609131461301, "tick_direction": 0, "price": 0.3345, "mark_price": 0.33781023, "iv": 77.4, "instrument_name": "BTC-31DEC21-28000-C", "index_price": 26979.96, "direction": "buy", "amount": 0.2}, {"trade_seq": 8, "trade_id": "111222327", "timestamp": 1609102541971, "tick_direction": 2, "price": 0.329, "mark_price": 0.33383592, "iv": 78.08, "instrument_name": "BTC-31DEC21-28000-C", "index_price": 26207.74, "direction": "sell", "amount": 0.1}, {"trade_seq": 7, "trade_id": "111053620", "timestamp": 1609067202503, "tick_direction": 2, "price": 0.3625, "mark_price": 0.35796373, "iv": 81.96, "instrument_name": "BTC-31DEC21-28000-C", "index_price": 28061.1, "direction": "sell", "amount": 0.1}, {"trade_seq": 6, "trade_id": "111047695", "timestamp": 1609065268522, "tick_direction": 0, "price": 0.3855, "mark_price": 0.3495276, "iv": 88.98, "instrument_name": "BTC-31DEC21-28000-C", "index_price": 27744.57, "direction": "buy", "amount": 0.1}, {"trade_seq": 5, "trade_id": "111029715", "timestamp": 1609059566066, "tick_direction": 0, "price": 0.342, "mark_price": 0.3428574, "iv": 76.92, "instrument_name": "BTC-31DEC21-28000-C", "index_price": 27505.13, "direction": "sell", "amount": 2.0}, {"trade_seq": 4, "trade_id": "110886615", "timestamp": 1609015069158, "tick_direction": 0, "price": 0.315, "mark_price": 0.30933764, "iv": 76.43, "instrument_name": "BTC-31DEC21-28000-C", "index_price": 26183.36, "direction": "sell", "amount": 0.2}, {"trade_seq": 3, "trade_id": "110648063", "timestamp": 1608899521876, "tick_direction": 0, "price": 0.3015, "mark_price": 0.29573489, "iv": 80.44, "instrument_name": "BTC-31DEC21-28000-C", "index_price": 24481.44, "direction": "buy", "amount": 4.9}, {"trade_seq": 2, "trade_id": "110647899", "timestamp": 1608899462995, "tick_direction": 0, "price": 0.301, "mark_price": 0.2948815, "iv": 80.35, "instrument_name": "BTC-31DEC21-28000-C", "index_price": 24466.89, "direction": "buy", "amount": 0.1}, {"trade_seq": 1, "trade_id": "110431225", "timestamp": 1608805828831, "tick_direction": 1, "price": 0.2302, "mark_price": 0.17153412, "iv": 69.67, "instrument_name": "BTC-31DEC21-28000-C", "index_price": 23183.02, "direction": "sell", "block_trade_id": "4794", "amount": 100.2}], "has_more": false}