{"trades": [{"trade_seq": 1200, "trade_id": "238383375", "timestamp": 1672325322524, "tick_direction": 2, "price": 0.039, "mark_price": 0.0388084, "iv": 61.21, "instrument_name": "BTC-30DEC22-16000-C", "index_price": 16635.04, "direction": "sell", "amount": 0.8}, {"trade_seq": 1199, "trade_id": "238310005", "timestamp": 1672162995687, "tick_direction": 2, "price": 0.045, "mark_price": 0.04581956, "iv": 39.6, "instrument_name": "BTC-30DEC22-16000-C", "index_price": 16721.08, "direction": "sell", "amount": 0.1}, {"trade_seq": 1198, "trade_id": "238273046", "timestamp": 1672025764472, "tick_direction": 0, "price": 0.055, "mark_price": 0.05473703, "iv": 46.09, "instrument_name": "BTC-30DEC22-16000-C", "index_price": 16883.86, "direction": "sell", "amount": 0.8}, {"trade_seq": 1197, "trade_id": "238217703", "timestamp": 1671788390423, "tick_direction": 1, "price": 0.054, "mark_price": 0.05377164, "iv": 40.38, "instrument_name": "BTC-30DEC22-16000-C", "index_price": 16834.63, "direction": "sell", "amount": 1.0}, {"trade_seq": 1196, "trade_id": "238217700", "timestamp": 1671788386326, "tick_direction": 1, "price": 0.054, "mark_price": 0.05376406, "iv": 40.4, "instrument_name": "BTC-30DEC22-16000-C", "index_price": 16834.37, "direction": "sell", "amount": 1.6}, {"trade_seq": 1195, "trade_id": "238217637", "timestamp": 1671788235644, "tick_direction": 1, "price": 0.054, "mark_price": 0.05351938, "iv": 40.89, "instrument_name": "BTC-30DEC22-16000-C", "index_price": 16832.71, "direction": "sell", "amount": 1.0}, {"trade_seq": 1194, "trade_id": "238217630", "timestamp": 1671788220205, "tick_direction": 1, "price": 0.054, "mark_price": 0.05350023, "iv": 40.92, "instrument_name": "BTC-30DEC22-16000-C", "index_price": 16832.31, "direction": "sell", "amount": 1.0}, {"trade_seq": 1193, "trade_id": "238217627", "timestamp": 1671788215672, "tick_direction": 1, "price": 0.054, "mark_price": 0.05350117, "iv": 40.92, "instrument_name": "BTC-30DEC22-16000-C", "index_price": 16832.36, "direction": "sell", "amount": 1.0}, {"trade_seq": 1192, "trade_id": "238217626", "timestamp": 1671788211855, "tick_direction": 1, "price": 0.054, "mark_price": 0.05349428, "iv": 40.92, "instrument_name": "BTC-30DEC22-16000-C", "index_price": 16832.45, "direction": "sell", "amount": 1.0}, {"trade_seq": 1191, "trade_id": "238217625", "timestamp": 1671788209594, "tick_direction": 1, "price": 0.054, "mark_price": 0.05349152, "iv": 40.92, "instrument_name": "BTC-30DEC22-16000-C", "index_price": 16832.41, "direction": "sell", "amount": 1.0}, {"trade_seq": 1190, "trade_id": "238217563", "timestamp": 1671788112524, "tick_direction": 1, "price": 0.054, "mark_price": 0.0533489, "iv": 41.11, "instrument_name": "BTC-30DEC22-16000-C", "index_price": 16830.4, "direction": "sell", "amount": 1.0}, {"trade_seq": 1189, "trade_id": "238217555", "timestamp": 1671788104557, "tick_direction": 0, "price": 0.054, "mark_price": 0.05332841, "iv": 41.16, "instrument_name": "BTC-30DEC22-16000-C", "index_price": 16829.94, "direction": "sell", "amount": 1.0}, {"trade_seq": 1188, "trade_id": "238217461", "timestamp": 1671787811665, "tick_direction": 3, "price": 0.0535, "mark_price": 0.05307485, "iv": 40.49, "instrument_name": "BTC-30DEC22-16000-C", "index_price": 16825.31, "direction": "sell", "amount": 0.4}, {"trade_seq": 1187, "trade_id": "238217453", "timestamp": 1671787785943, "tick_direction": 3, "price": 0.0535, "mark_price": 0.0530725, "iv": 40.5, "instrument_name": "BTC-30DEC22-16000-C", "index_price": 16825.02, "direction": "sell", "amount": 1.0}, {"trade_seq": 1186, "trade_id": "238217452", "timestamp": 1671787785943, "tick_direction": 3, "price": 0.0535, "mark_price": 0.0530725, "iv": 40.5, "instrument_name": "BTC-30DEC22-16000-C", "index_price": 16825.02, "direction": "sell", "amount": 0.5}, {"trade_seq": 1185, "trade_id": "238217449", "timestamp": 1671787777480, "tick_direction": 3, "price": 0.0535, "mark_price": 0.05305187, "iv": 40.55, "instrument_name": "BTC-30DEC22-16000-C", "index_price": 16824.63, "direction": "sell", "amount": 0.1}, {"trade_seq": 1184, "trade_id": "238217447", "timestamp": 1671787773424, "tick_direction": 3, "price": 0.0535, "mark_price": 0.05300448, "iv": 40.68, "instrument_name": "BTC-30DEC22-16000-C", "index_price": 16823.86, "direction": "sell", "amount": 0.2}, {"trade_seq": 1183, "trade_id": "238217417", "timestamp": 1671787666225, "tick_direction": 3, "price": 0.0535, "mark_price": 0.0530946, "iv": 40.46, "instrument_name": "BTC-30DEC22-16000-C", "index_price": 16824.29, "direction": "sell", "amount": 0.2}, {"trade_seq": 1182, "trade_id": "238217392", "timestamp": 1671787642690, "tick_direction": 3, "price": 0.0535, "mark_price": 0.05334537, "iv": 40.03, "instrument_name": "BTC-30DEC22-16000-C", "index_price": 16826.11, "direction": "sell", "amount": 0.6}, {"trade_seq": 1181, "trade_id": "238217386", "timestamp": 1671787642620, "tick_direction": 3, "price": 0.0535, "mark_price": 0.05334537, "iv": 40.03, "instrument_name": "BTC-30DEC22-16000-C", "index_price": 16826.11, "direction": "sell", "amount": 0.1}, {"trade_seq": 1180, "trade_id": "238217384", "timestamp": 1671787642595, "tick_direction": 2, "price": 0.0535, "mark_price": 0.05334537, "iv": 40.03, "instrument_name": "BTC-30DEC22-16000-C", "index_price": 16826.11, "direction": "sell", "amount": 0.3}, {"trade_seq": 1179, "trade_id": "238217334", "timestamp": 1671787571784, "tick_direction": 0, "price": 0.054, "mark_price": 0.05326716, "iv": 41.32, "instrument_name": "BTC-30DEC22-16000-C", "index_price": 16828.17, "direction": "sell", "amount": 1.0}, {"trade_seq": 1178, "trade_id": "238217245", "timestamp": 1671787452179, "tick_direction": 3, "price": 0.0535, "mark_price": 0.05319854, "iv": 40.16, "instrument_name": "BTC-30DEC22-16000-C", "index_price": 16827.44, "direction": "sell", "amount": 0.2}, {"trade_seq": 1177, "trade_id": "238217243", "timestamp": 1671787450148, "tick_direction": 3, "price": 0.0535, "mark_price": 0.0532027, "iv": 40.16, "instrument_name": "BTC-30DEC22-16000-C", "index_price": 16827.33, "direction": "sell", "amount": 0.1}, {"trade_seq": 1176, "trade_id": "238217242", "timestamp": 1671787449801, "tick_direction": 2, "price": 0.0535, "mark_price": 0.05320731, "iv": 40.16, "instrument_name": "BTC-30DEC22-16000-C", "index_price": 16827.33, "direction": "sell", "amount": 0.7}, {"trade_seq": 1175, "trade_id": "238213627", "timestamp": 1671782487192, "tick_direction": 2, "price": 0.0545, "mark_price": 0.05490815, "iv": 39.82, "instrument_name": "BTC-30DEC22-16000-C", "index_price": 16853.55, "direction": "buy", "amount": 0.4}, {"trade_seq": 1174, "trade_id": "238161314", "timestamp": 1671692498484, "tick_direction": 3, "price": 0.0555, "mark_price": 0.05541837, "iv": 45.18, "instrument_name": "BTC-30DEC22-16000-C", "index_price": 16802.75, "direction": "sell", "amount": 1.0}, {"trade_seq": 1173, "trade_id": "238145150", "timestamp": 1671648796106, "tick_direction": 3, "price": 0.0555, "mark_price": 0.05546824, "iv": 45.87, "instrument_name": "BTC-30DEC22-16000-C", "index_price": 16784.85, "direction": "buy", "amount": 0.3}, {"trade_seq": 1172, "trade_id": "238145149", "timestamp": 1671648795892, "tick_direction": 2, "price": 0.0555, "mark_price": 0.05546824, "iv": 45.87, "instrument_name": "BTC-30DEC22-16000-C", "index_price": 16784.85, "direction": "buy", "amount": 0.9}, {"trade_seq": 1171, "trade_id": "238118813", "timestamp": 1671583869237, "tick_direction": 2, "price": 0.06, "mark_price": 0.06014022, "iv": 48.66, "instrument_name": "BTC-30DEC22-16000-C", "index_price": 16837.91, "direction": "sell", "amount": 0.1}, {"trade_seq": 1170, "trade_id": "238118486", "timestamp": 1671583444803, "tick_direction": 3, "price": 0.061, "mark_price": 0.06105676, "iv": 48.84, "instrument_name": "BTC-30DEC22-16000-C", "index_price": 16862.84, "direction": "sell", "amount": 0.8}, {"trade_seq": 1169, "trade_id": "238118471", "timestamp": 1671583428488, "tick_direction": 3, "price": 0.061, "mark_price": 0.06103252, "iv": 48.86, "instrument_name": "BTC-30DEC22-16000-C", "index_price": 16863.4, "direction": "sell", "amount": 0.1}, {"trade_seq": 1168, "trade_id": "238118470", "timestamp": 1671583425524, "tick_direction": 2, "price": 0.061, "mark_price": 0.06107329, "iv": 48.78, "instrument_name": "BTC-30DEC22-16000-C", "index_price": 16861.94, "direction": "sell", "amount": 0.1}, {"trade_seq": 1167, "trade_id": "238111421", "timestamp": 1671565015191, "tick_direction": 0, "price": 0.0625, "mark_price": 0.06256878, "iv": 49.58, "instrument_name": "BTC-30DEC22-16000-C", "index_price": 16876.4, "direction": "sell", "amount": 0.3}, {"trade_seq": 1166, "trade_id": "238105842", "timestamp": 1671554851457, "tick_direction": 2, "price": 0.0605, "mark_price": 0.06067904, "iv": 50.05, "instrument_name": "BTC-30DEC22-16000-C", "index_price": 16818.23, "direction": "buy", "amount": 0.6}, {"trade_seq": 1165, "trade_id": "238101112", "timestamp": 1671550705836, "tick_direction": 2, "price": 0.068, "mark_price": 0.06728863, "iv": 51.69, "instrument_name": "BTC-30DEC22-16000-C", "index_price": 16983.83, "direction": "sell", "amount": 1.0}, {"trade_seq": 1164, "trade_id": "238100505", "timestamp": 1671550350770, "tick_direction": 0, "price": 0.07, "mark_price": 0.06926212, "iv": 52.04, "instrument_name": "BTC-30DEC22-16000-C", "index_price": 17029.97, "direction": "sell", "amount": 0.2}, {"trade_seq": 1163, "trade_id": "238098335", "timestamp": 1671549652288, "tick_direction": 0, "price": 0.067, "mark_price": 0.0665107, "iv": 50.63, "instrument_name": "BTC-30DEC22-16000-C", "index_price": 16967.59, "direction": "sell", "amount": 1.0}, {"trade_seq": 1162, "trade_id": "238097537", "timestamp": 1671549015900, "tick_direction": 0, "price": 0.0655, "mark_price": 0.06489078, "iv": 50.76, "instrument_name": "BTC-30DEC22-16000-C", "index_price": 16930.89, "direction": "sell", "amount": 3.0}, {"trade_seq": 1161, "trade_id": "238097226", "timestamp": 1671548913728, "tick_direction": 1, "price": 0.065, "mark_price": 0.06465802, "iv": 50.23, "instrument_name": "BTC-30DEC22-16000-C", "index_price": 16925.84, "direction": "sell", "amount": 0.1}, {"trade_seq": 1160, "trade_id": "238097224", "timestamp": 1671548910815, "tick_direction": 1, "price": 0.065, "mark_price": 0.0647261, "iv": 50.06, "instrument_name": "BTC-30DEC22-16000-C", "index_price": 16927.62, "direction": "sell", "amount": 0.2}, {"trade_seq": 1159, "trade_id": "238097223", "timestamp": 1671548910807, "tick_direction": 1, "price": 0.065, "mark_price": 0.0647261, "iv": 50.06, "instrument_name": "BTC-30DEC22-16000-C", "index_price": 16927.62, "direction": "sell", "amount": 0.6}, {"trade_seq": 1158, "trade_id": "238097222", "timestamp": 1671548910796, "tick_direction": 1, "price": 0.065, "mark_price": 0.0647261, "iv": 50.06, "instrument_name": "BTC-30DEC22-16000-C", "index_price": 16927.62, "direction": "sell", "amount": 0.9}, {"trade_seq": 1157, "trade_id": "238097218", "timestamp": 1671548909281, "tick_direction": 0, "price": 0.065, "mark_price": 0.06474142, "iv": 50.08, "instrument_name": "BTC-30DEC22-16000-C", "index_price": 16928.42, "direction": "sell", "amount": 0.2}, {"trade_seq": 1156, "trade_id": "238085995", "timestamp": 1671535054598, "tick_direction": 2, "price": 0.061, "mark_price": 0.06090748, "iv": 50.72, "instrument_name": "BTC-30DEC22-16000-C", "index_price": 16809.84, "direction": "buy", "amount": 1.0}, {"trade_seq": 1155, "trade_id": "238081353", "timestamp": 1671527768302, "tick_direction": 3, "price": 0.0625, "mark_price": 0.06215506, "iv": 52.27, "instrument_name": "BTC-30DEC22-16000-C", "index_price": 16828.03, "direction": "sell", "amount": 2.0}, {"trade_seq": 1154, "trade_id": "238081352", "timestamp": 1671527768296, "tick_direction": 2, "price": 0.0625, "mark_price": 0.06215506, "iv": 52.27, "instrument_name": "BTC-30DEC22-16000-C", "index_price": 16828.03, "direction": "sell", "amount": 2.0}, {"trade_seq": 1153, "trade_id": "238081272", "timestamp": 1671527685845, "tick_direction": 0, "price": 0.063, "mark_price": 0.06245536, "iv": 52.61, "instrument_name": "BTC-30DEC22-16000-C", "index_price": 16834.79, "direction": "sell", "amount": 4.0}, {"trade_seq": 1152, "trade_id": "238076657", "timestamp": 1671522030169, "tick_direction": 0, "price": 0.062, "mark_price": 0.0615026, "iv": 54.15, "instrument_name": "BTC-30DEC22-16000-C", "index_price": 16791.62, "direction": "sell", "amount": 0.1}, {"trade_seq": 1151, "trade_id": "238063838", "timestamp": 1671505266137, "tick_direction": 0, "price": 0.0605, "mark_price": 0.0598688, "iv": 55.27, "instrument_name": "BTC-30DEC22-16000-C", "index_price": 16726.08, "direction": "sell", "amount": 0.4}, {"trade_seq": 1150, "trade_id": "238053867", "timestamp": 1671497652250, "tick_direction": 1, "price": 0.049, "mark_price": 0.04914107, "iv": 52.45, "instrument_name": "BTC-30DEC22-16000-C", "index_price": 16472.13, "direction": "buy", "amount": 0.5}, {"trade_seq": 1149, "trade_id": "238053846", "timestamp": 1671497576990, "tick_direction": 1, "price": 0.049, "mark_price": 0.04918764, "iv": 52.38, "instrument_name": "BTC-30DEC22-16000-C", "index_price": 16471.83, "direction": "buy", "amount": 0.2}, {"trade_seq": 1148, "trade_id": "238053661", "timestamp": 1671496928846, "tick_direction": 1, "price": 0.049, "mark_price": 0.04897736, "iv": 52.2, "instrument_name": "BTC-30DEC22-16000-C", "index_price": 16473.12, "direction": "buy", "amount": 0.1}, {"trade_seq": 1147, "trade_id": "238053660", "timestamp": 1671496925748, "tick_direction": 0, "price": 0.049, "mark_price": 0.04897247, "iv": 52.21, "instrument_name": "BTC-30DEC22-16000-C", "index_price": 16473.1, "direction": "buy", "amount": 0.2}, {"trade_seq": 1146, "trade_id": "238048883", "timestamp": 1671490442976, "tick_direction": 3, "price": 0.045, "mark_price": 0.04505613, "iv": 50.75, "instrument_name": "BTC-30DEC22-16000-C", "index_price": 16376.99, "direction": "buy", "amount": 3.0}, {"trade_seq": 1145, "trade_id": "238048882", "timestamp": 1671490442976, "tick_direction": 3, "price": 0.045, "mark_price": 0.04505613, "iv": 50.75, "instrument_name": "BTC-30DEC22-16000-C", "index_price": 16376.99, "direction": "buy", "amount": 5.0}, {"trade_seq": 1144, "trade_id": "238048735", "timestamp": 1671490258408, "tick_direction": 3, "price": 0.045, "mark_price": 0.04536447, "iv": 50.35, "instrument_name": "BTC-30DEC22-16000-C", "index_price": 16383.5, "direction": "buy", "amount": 2.0}, {"trade_seq": 1143, "trade_id": "238048734", "timestamp": 1671490258408, "tick_direction": 3, "price": 0.045, "mark_price": 0.04536447, "iv": 50.35, "instrument_name": "BTC-30DEC22-16000-C", "index_price": 16383.5, "direction": "buy", "amount": 1.0}, {"trade_seq": 1142, "trade_id": "238048733", "timestamp": 1671490258351, "tick_direction": 3, "price": 0.045, "mark_price": 0.04536447, "iv": 50.35, "instrument_name": "BTC-30DEC22-16000-C", "index_price": 16383.5, "direction": "buy", "amount": 1.0}, {"trade_seq": 1141, "trade_id": "238048545", "timestamp": 1671490082747, "tick_direction": 3, "price": 0.045, "mark_price": 0.0454136, "iv": 50.29, "instrument_name": "BTC-30DEC22-16000-C", "index_price": 16386.51, "direction": "buy", "amount": 2.0}, {"trade_seq": 1140, "trade_id": "238047346", "timestamp": 1671489430511, "tick_direction": 3, "price": 0.045, "mark_price": 0.04536059, "iv": 50.32, "instrument_name": "BTC-30DEC22-16000-C", "index_price": 16379.56, "direction": "buy", "amount": 0.1}, {"trade_seq": 1139, "trade_id": "238047342", "timestamp": 1671489427481, "tick_direction": 3, "price": 0.045, "mark_price": 0.04519211, "iv": 50.63, "instrument_name": "BTC-30DEC22-16000-C", "index_price": 16376.54, "direction": "buy", "amount": 1.9}, {"trade_seq": 1138, "trade_id": "238047251", "timestamp": 1671489384724, "tick_direction": 3, "price": 0.045, "mark_price": 0.0453314, "iv": 50.4, "instrument_name": "BTC-30DEC22-16000-C", "index_price": 16376.99, "direction": "buy", "amount": 0.3}, {"trade_seq": 1137, "trade_id": "238047230", "timestamp": 1671489381387, "tick_direction": 2, "price": 0.045, "mark_price": 0.04531448, "iv": 50.43, "instrument_name": "BTC-30DEC22-16000-C", "index_price": 16376.07, "direction": "buy", "amount": 1.7}, {"trade_seq": 1136, "trade_id": "238031475", "timestamp": 1671471349000, "tick_direction": 2, "price": 0.051, "mark_price": 0.05145889, "iv": 49.62, "instrument_name": "BTC-30DEC22-16000-C", "index_price": 16552.59, "direction": "buy", "amount": 1.0}, {"trade_seq": 1135, "trade_id": "238007623", "timestamp": 1671419561180, "tick_direction": 3, "price": 0.06, "mark_price": 0.06082686, "iv": 55.98, "instrument_name": "BTC-30DEC22-16000-C", "index_price": 16665.41, "direction": "buy", "amount": 10.4}, {"trade_seq": 1134, "trade_id": "238007615", "timestamp": 1671419547351, "tick_direction": 3, "price": 0.06, "mark_price": 0.06077157, "iv": 56.07, "instrument_name": "BTC-30DEC22-16000-C", "index_price": 16664.54, "direction": "buy", "amount": 0.9}, {"trade_seq": 1133, "trade_id": "238007606", "timestamp": 1671419540367, "tick_direction": 2, "price": 0.06, "mark_price": 0.06066467, "iv": 56.24, "instrument_name": "BTC-30DEC22-16000-C", "index_price": 16661.4, "direction": "buy", "amount": 3.7}, {"trade_seq": 1132, "trade_id": "237962462", "timestamp": 1671274350259, "tick_direction": 3, "price": 0.0635, "mark_price": 0.06366866, "iv": 55.83, "instrument_name": "BTC-30DEC22-16000-C", "index_price": 16705.22, "direction": "buy", "amount": 0.1}, {"trade_seq": 1131, "trade_id": "237962461", "timestamp": 1671274350259, "tick_direction": 2, "price": 0.0635, "mark_price": 0.06366866, "iv": 55.83, "instrument_name": "BTC-30DEC22-16000-C", "index_price": 16705.22, "direction": "buy", "amount": 0.2}, {"trade_seq": 1130, "trade_id": "237945411", "timestamp": 1671239267248, "tick_direction": 1, "price": 0.065, "mark_price": 0.0653633, "iv": 57.6, "instrument_name": "BTC-30DEC22-16000-C", "index_price": 16719.53, "direction": "buy", "amount": 0.1}, {"trade_seq": 1129, "trade_id": "237945408", "timestamp": 1671239267041, "tick_direction": 0, "price": 0.065, "mark_price": 0.0653633, "iv": 57.6, "instrument_name": "BTC-30DEC22-16000-C", "index_price": 16719.53, "direction": "buy", "amount": 1.0}, {"trade_seq": 1128, "trade_id": "237942569", "timestamp": 1671235689425, "tick_direction": 1, "price": 0.0625, "mark_price": 0.06242344, "iv": 57.16, "instrument_name": "BTC-30DEC22-16000-C", "index_price": 16651.62, "direction": "buy", "amount": 0.1}, {"trade_seq": 1127, "trade_id": "237942568", "timestamp": 1671235689425, "tick_direction": 0, "price": 0.0625, "mark_price": 0.06242344, "iv": 57.16, "instrument_name": "BTC-30DEC22-16000-C", "index_price": 16651.62, "direction": "buy", "amount": 1.0}, {"trade_seq": 1126, "trade_id": "237939749", "timestamp": 1671233517429, "tick_direction": 2, "price": 0.0585, "mark_price": 0.05889782, "iv": 55.15, "instrument_name": "BTC-30DEC22-16000-C", "index_price": 16580.01, "direction": "buy", "amount": 0.1}, {"trade_seq": 1125, "trade_id": "237935435", "timestamp": 1671231882724, "tick_direction": 1, "price": 0.0605, "mark_price": 0.06110044, "iv": 53.72, "instrument_name": "BTC-30DEC22-16000-C", "index_price": 16654.81, "direction": "buy", "amount": 0.1}, {"trade_seq": 1124, "trade_id": "237935434", "timestamp": 1671231882527, "tick_direction": 1, "price": 0.0605, "mark_price": 0.06110044, "iv": 53.72, "instrument_name": "BTC-30DEC22-16000-C", "index_price": 16654.81, "direction": "buy", "amount": 0.4}, {"trade_seq": 1123, "trade_id": "237935433", "timestamp": 1671231882527, "tick_direction": 0, "price": 0.0605, "mark_price": 0.06110044, "iv": 53.72, "instrument_name": "BTC-30DEC22-16000-C", "index_price": 16654.81, "direction": "buy", "amount": 0.4}, {"trade_seq": 1122, "trade_id": "237935286", "timestamp": 1671231815233, "tick_direction": 2, "price": 0.06, "mark_price": 0.06052481, "iv": 53.73, "instrument_name": "BTC-30DEC22-16000-C", "index_price": 16636.78, "direction": "buy", "amount": 0.2}, {"trade_seq": 1121, "trade_id": "237911847", "timestamp": 1671210820415, "tick_direction": 2, "price": 0.066, "mark_price": 0.0658692, "iv": 52.69, "instrument_name": "BTC-30DEC22-16000-C", "index_price": 16788.67, "direction": "sell", "amount": 10.0}, {"trade_seq": 1120, "trade_id": "237893915", "timestamp": 1671200450791, "tick_direction": 0, "price": 0.072, "mark_price": 0.07266407, "iv": 48.74, "instrument_name": "BTC-30DEC22-16000-C", "index_price": 16999.28, "direction": "buy", "amount": 0.1}, {"trade_seq": 1119, "trade_id": "237893804", "timestamp": 1671200439810, "tick_direction": 0, "price": 0.0715, "mark_price": 0.0720011, "iv": 48.81, "instrument_name": "BTC-30DEC22-16000-C", "index_price": 16984.98, "direction": "buy", "amount": 0.1}, {"trade_seq": 1118, "trade_id": "237893529", "timestamp": 1671200418997, "tick_direction": 0, "price": 0.071, "mark_price": 0.07124622, "iv": 49.4, "instrument_name": "BTC-30DEC22-16000-C", "index_price": 16960.65, "direction": "buy", "amount": 0.1}, {"trade_seq": 1117, "trade_id": "237893471", "timestamp": 1671200414131, "tick_direction": 2, "price": 0.0705, "mark_price": 0.07097067, "iv": 49.01, "instrument_name": "BTC-30DEC22-16000-C", "index_price": 16953.35, "direction": "buy", "amount": 0.1}, {"trade_seq": 1116, "trade_id": "237890682", "timestamp": 1671199404138, "tick_direction": 3, "price": 0.0715, "mark_price": 0.07116449, "iv": 50.12, "instrument_name": "BTC-30DEC22-16000-C", "index_price": 16965.2, "direction": "sell", "amount": 0.1}, {"trade_seq": 1115, "trade_id": "237890574", "timestamp": 1671199354151, "tick_direction": 2, "price": 0.0715, "mark_price": 0.071262, "iv": 49.98, "instrument_name": "BTC-30DEC22-16000-C", "index_price": 16966.3, "direction": "sell", "amount": 0.1}, {"trade_seq": 1114, "trade_id": "237828443", "timestamp": 1671137156622, "tick_direction": 0, "price": 0.094, "mark_price": 0.09381972, "iv": 54.78, "instrument_name": "BTC-30DEC22-16000-C", "index_price": 17423.85, "direction": "sell", "amount": 1.0}, {"trade_seq": 1113, "trade_id": "237820088", "timestamp": 1671122817941, "tick_direction": 2, "price": 0.092, "mark_price": 0.09153655, "iv": 53.71, "instrument_name": "BTC-30DEC22-16000-C", "index_price": 17381.98, "direction": "sell", "amount": 0.1}, {"trade_seq": 1112, "trade_id": "237799321", "timestamp": 1671110018973, "tick_direction": 2, "price": 0.1, "mark_price": 0.10094495, "iv": 49.93, "instrument_name": "BTC-30DEC22-16000-C", "index_price": 17613.87, "direction": "sell", "amount": 10.0}, {"trade_seq": 1111, "trade_id": "237775453", "timestamp": 1671068288314, "tick_direction": 3, "price": 0.108, "mark_price": 0.10775121, "iv": 53.32, "instrument_name": "BTC-30DEC22-16000-C", "index_price": 17754.51, "direction": "sell", "amount": 0.1}, {"trade_seq": 1110, "trade_id": "237775452", "timestamp": 1671068288313, "tick_direction": 2, "price": 0.108, "mark_price": 0.10775121, "iv": 53.32, "instrument_name": "BTC-30DEC22-16000-C", "index_price": 17754.51, "direction": "sell", "amount": 1.0}, {"trade_seq": 1109, "trade_id": "237749183", "timestamp": 1671045884786, "tick_direction": 2, "price": 0.115, "mark_price": 0.11529035, "iv": 57.7, "instrument_name": "BTC-30DEC22-16000-C", "index_price": 17868.26, "direction": "sell", "amount": 0.1}, {"trade_seq": 1108, "trade_id": "237730646", "timestamp": 1671044317862, "tick_direction": 1, "price": 0.13, "mark_price": 0.13388581, "iv": 58.15, "instrument_name": "BTC-30DEC22-16000-C", "index_price": 18233.15, "direction": "sell", "amount": 1.6}, {"trade_seq": 1107, "trade_id": "237730644", "timestamp": 1671044317854, "tick_direction": 1, "price": 0.13, "mark_price": 0.13388581, "iv": 58.15, "instrument_name": "BTC-30DEC22-16000-C", "index_price": 18233.15, "direction": "sell", "amount": 1.7}, {"trade_seq": 1106, "trade_id": "237730626", "timestamp": 1671044317797, "tick_direction": 1, "price": 0.13, "mark_price": 0.13388581, "iv": 58.15, "instrument_name": "BTC-30DEC22-16000-C", "index_price": 18233.15, "direction": "sell", "amount": 1.6}, {"trade_seq": 1105, "trade_id": "237730597", "timestamp": 1671044317696, "tick_direction": 0, "price": 0.13, "mark_price": 0.13388581, "iv": 58.15, "instrument_name": "BTC-30DEC22-16000-C", "index_price": 18233.15, "direction": "sell", "amount": 4.5}, {"trade_seq": 1104, "trade_id": "237719168", "timestamp": 1671036524417, "tick_direction": 0, "price": 0.1265, "mark_price": 0.12675446, "iv": 59.83, "instrument_name": "BTC-30DEC22-16000-C", "index_price": 18120.34, "direction": "buy", "amount": 0.1}, {"trade_seq": 1103, "trade_id": "237711299", "timestamp": 1671029798031, "tick_direction": 1, "price": 0.1235, "mark_price": 0.1233248, "iv": 58.04, "instrument_name": "BTC-30DEC22-16000-C", "index_price": 18077.47, "direction": "sell", "amount": 0.1}, {"trade_seq": 1102, "trade_id": "237711298", "timestamp": 1671029798014, "tick_direction": 1, "price": 0.1235, "mark_price": 0.1233248, "iv": 58.04, "instrument_name": "BTC-30DEC22-16000-C", "index_price": 18077.47, "direction": "sell", "amount": 0.3}, {"trade_seq": 1101, "trade_id": "237711297", "timestamp": 1671029798011, "tick_direction": 1, "price": 0.1235, "mark_price": 0.1233248, "iv": 58.04, "instrument_name": "BTC-30DEC22-16000-C", "index_price": 18077.47, "direction": "sell", "amount": 0.2}, {"trade_seq": 1100, "trade_id": "237711258", "timestamp": 1671029780226, "tick_direction": 1, "price": 0.1235, "mark_price": 0.12338086, "iv": 57.97, "instrument_name": "BTC-30DEC22-16000-C", "index_price": 18077.87, "direction": "sell", "amount": 0.2}, {"trade_seq": 1099, "trade_id": "237711247", "timestamp": 1671029779844, "tick_direction": 0, "price": 0.1235, "mark_price": 0.12338086, "iv": 57.91, "instrument_name": "BTC-30DEC22-16000-C", "index_price": 18078.58, "direction": "sell", "amount": 0.2}, {"trade_seq": 1098, "trade_id": "237709480", "timestamp": 1671028821898, "tick_direction": 0, "price": 0.122, "mark_price": 0.12173373, "iv": 58.35, "instrument_name": "BTC-30DEC22-16000-C", "index_price": 18032.64, "direction": "sell", "amount": 2.0}, {"trade_seq": 1097, "trade_id": "237707555", "timestamp": 1671028280146, "tick_direction": 2, "price": 0.117, "mark_price": 0.11753988, "iv": 56.5, "instrument_name": "BTC-30DEC22-16000-C", "index_price": 17935.55, "direction": "sell", "amount": 3.6}, {"trade_seq": 1096, "trade_id": "237706480", "timestamp": 1671027826965, "tick_direction": 1, "price": 0.118, "mark_price": 0.11752136, "iv": 58.27, "instrument_name": "BTC-30DEC22-16000-C", "index_price": 17940.3, "direction": "sell", "amount": 0.4}, {"trade_seq": 1095, "trade_id": "237706479", "timestamp": 1671027826920, "tick_direction": 0, "price": 0.118, "mark_price": 0.11752136, "iv": 58.27, "instrument_name": "BTC-30DEC22-16000-C", "index_price": 17940.3, "direction": "sell", "amount": 1.6}, {"trade_seq": 1094, "trade_id": "237678876", "timestamp": 1670978165197, "tick_direction": 2, "price": 0.1135, "mark_price": 0.11303488, "iv": 59.76, "instrument_name": "BTC-30DEC22-16000-C", "index_price": 17787.6, "direction": "sell", "amount": 0.1}, {"trade_seq": 1093, "trade_id": "237640693", "timestamp": 1670938219594, "tick_direction": 1, "price": 0.121, "mark_price": 0.12008262, "iv": 64.21, "instrument_name": "BTC-30DEC22-16000-C", "index_price": 17885.08, "direction": "buy", "amount": 6.0}, {"trade_seq": 1092, "trade_id": "237640263", "timestamp": 1670938216844, "tick_direction": 0, "price": 0.121, "mark_price": 0.12140705, "liquidation": "M", "iv": 61.2, "instrument_name": "BTC-30DEC22-16000-C", "index_price": 17925.21, "direction": "sell", "amount": 0.5}, {"trade_seq": 1091, "trade_id": "237638148", "timestamp": 1670938200901, "tick_direction": 1, "price": 0.1095, "mark_price": 0.10672354, "iv": 65.85, "instrument_name": "BTC-30DEC22-16000-C", "index_price": 17579.45, "direction": "buy", "amount": 0.1}, {"trade_seq": 1090, "trade_id": "237638146", "timestamp": 1670938200894, "tick_direction": 1, "price": 0.1095, "mark_price": 0.10672354, "iv": 65.85, "instrument_name": "BTC-30DEC22-16000-C", "index_price": 17579.45, "direction": "buy", "amount": 0.9}, {"trade_seq": 1089, "trade_id": "237638142", "timestamp": 1670938200874, "tick_direction": 1, "price": 0.1095, "mark_price": 0.10672354, "iv": 65.85, "instrument_name": "BTC-30DEC22-16000-C", "index_price": 17579.45, "direction": "buy", "amount": 1.4}, {"trade_seq": 1088, "trade_id": "237638129", "timestamp": 1670938200835, "tick_direction": 1, "price": 0.1095, "mark_price": 0.10672354, "iv": 65.85, "instrument_name": "BTC-30DEC22-16000-C", "index_price": 17579.45, "direction": "buy", "amount": 0.1}, {"trade_seq": 1087, "trade_id": "237638127", "timestamp": 1670938200829, "tick_direction": 1, "price": 0.1095, "mark_price": 0.10672354, "iv": 65.85, "instrument_name": "BTC-30DEC22-16000-C", "index_price": 17579.45, "direction": "buy", "amount": 6.3}, {"trade_seq": 1086, "trade_id": "237638121", "timestamp": 1670938200817, "tick_direction": 1, "price": 0.1095, "mark_price": 0.10672354, "iv": 65.85, "instrument_name": "BTC-30DEC22-16000-C", "index_price": 17579.45, "direction": "buy", "amount": 3.2}, {"trade_seq": 1085, "trade_id": "237638001", "timestamp": 1670938200242, "tick_direction": 0, "price": 0.1095, "mark_price": 0.10672507, "iv": 65.85, "instrument_name": "BTC-30DEC22-16000-C", "index_price": 17579.45, "direction": "buy", "amount": 3.5}, {"trade_seq": 1084, "trade_id": "237636900", "timestamp": 1670937942443, "tick_direction": 1, "price": 0.105, "mark_price": 0.104954, "iv": 62.28, "instrument_name": "BTC-30DEC22-16000-C", "index_price": 17523.63, "direction": "sell", "amount": 1.0}, {"trade_seq": 1083, "trade_id": "237636842", "timestamp": 1670937933290, "tick_direction": 0, "price": 0.105, "mark_price": 0.10526833, "iv": 61.81, "instrument_name": "BTC-30DEC22-16000-C", "index_price": 17530.03, "direction": "sell", "amount": 0.5}, {"trade_seq": 1082, "trade_id": "237629747", "timestamp": 1670934282903, "tick_direction": 1, "price": 0.102, "mark_price": 0.10187492, "iv": 62.36, "instrument_name": "BTC-30DEC22-16000-C", "index_price": 17441.77, "direction": "sell", "amount": 0.2}, {"trade_seq": 1081, "trade_id": "237629738", "timestamp": 1670934281855, "tick_direction": 0, "price": 0.102, "mark_price": 0.10188795, "iv": 62.27, "instrument_name": "BTC-30DEC22-16000-C", "index_price": 17443.05, "direction": "sell", "amount": 0.8}, {"trade_seq": 1080, "trade_id": "237620077", "timestamp": 1670925803378, "tick_direction": 0, "price": 0.099, "mark_price": 0.0988953, "iv": 61.14, "instrument_name": "BTC-30DEC22-16000-C", "index_price": 17392.83, "direction": "buy", "amount": 0.2}, {"trade_seq": 1079, "trade_id": "237597623", "timestamp": 1670889227217, "tick_direction": 0, "price": 0.0905, "mark_price": 0.09050406, "iv": 57.24, "instrument_name": "BTC-30DEC22-16000-C", "index_price": 17223.24, "direction": "sell", "amount": 0.1}, {"trade_seq": 1078, "trade_id": "237578039", "timestamp": 1670848886428, "tick_direction": 3, "price": 0.0805, "mark_price": 0.08007093, "iv": 56.37, "instrument_name": "BTC-30DEC22-16000-C", "index_price": 16940.64, "direction": "sell", "amount": 0.1}, {"trade_seq": 1077, "trade_id": "237578038", "timestamp": 1670848886418, "tick_direction": 3, "price": 0.0805, "mark_price": 0.08007093, "iv": 56.37, "instrument_name": "BTC-30DEC22-16000-C", "index_price": 16940.64, "direction": "sell", "amount": 0.2}, {"trade_seq": 1076, "trade_id": "237578037", "timestamp": 1670848886403, "tick_direction": 3, "price": 0.0805, "mark_price": 0.08007093, "iv": 56.37, "instrument_name": "BTC-30DEC22-16000-C", "index_price": 16940.64, "direction": "sell", "amount": 0.9}, {"trade_seq": 1075, "trade_id": "237578036", "timestamp": 1670848886397, "tick_direction": 3, "price": 0.0805, "mark_price": 0.08007093, "iv": 56.37, "instrument_name": "BTC-30DEC22-16000-C", "index_price": 16940.64, "direction": "sell", "amount": 0.1}, {"trade_seq": 1074, "trade_id": "237578034", "timestamp": 1670848886351, "tick_direction": 3, "price": 0.0805, "mark_price": 0.08007093, "iv": 56.37, "instrument_name": "BTC-30DEC22-16000-C", "index_price": 16940.64, "direction": "sell", "amount": 0.1}, {"trade_seq": 1073, "trade_id": "237578033", "timestamp": 1670848886336, "tick_direction": 3, "price": 0.0805, "mark_price": 0.08007093, "iv": 56.37, "instrument_name": "BTC-30DEC22-16000-C", "index_price": 16940.64, "direction": "sell", "amount": 1.2}, {"trade_seq": 1072, "trade_id": "237578014", "timestamp": 1670848869772, "tick_direction": 2, "price": 0.0805, "mark_price": 0.08010806, "iv": 56.29, "instrument_name": "BTC-30DEC22-16000-C", "index_price": 16944.43, "direction": "sell", "amount": 2.4}, {"trade_seq": 1071, "trade_id": "237577222", "timestamp": 1670847933433, "tick_direction": 1, "price": 0.081, "mark_price": 0.080862, "iv": 56.25, "instrument_name": "BTC-30DEC22-16000-C", "index_price": 16960.58, "direction": "buy", "amount": 0.2}, {"trade_seq": 1070, "trade_id": "237577221", "timestamp": 1670847933430, "tick_direction": 0, "price": 0.081, "mark_price": 0.080862, "iv": 56.25, "instrument_name": "BTC-30DEC22-16000-C", "index_price": 16960.58, "direction": "buy", "amount": 0.8}, {"trade_seq": 1069, "trade_id": "237571978", "timestamp": 1670832109338, "tick_direction": 3, "price": 0.08, "mark_price": 0.07984197, "iv": 55.93, "instrument_name": "BTC-30DEC22-16000-C", "index_price": 16927.71, "direction": "sell", "amount": 0.2}, {"trade_seq": 1068, "trade_id": "237569977", "timestamp": 1670825481212, "tick_direction": 3, "price": 0.08, "mark_price": 0.08020711, "iv": 56.07, "instrument_name": "BTC-30DEC22-16000-C", "index_price": 16938.02, "direction": "sell", "amount": 0.1}, {"trade_seq": 1067, "trade_id": "237569976", "timestamp": 1670825481204, "tick_direction": 3, "price": 0.08, "mark_price": 0.08020711, "iv": 56.07, "instrument_name": "BTC-30DEC22-16000-C", "index_price": 16938.02, "direction": "sell", "amount": 0.1}, {"trade_seq": 1066, "trade_id": "237569975", "timestamp": 1670825481191, "tick_direction": 3, "price": 0.08, "mark_price": 0.08020711, "iv": 56.07, "instrument_name": "BTC-30DEC22-16000-C", "index_price": 16938.02, "direction": "sell", "amount": 0.1}, {"trade_seq": 1065, "trade_id": "237569974", "timestamp": 1670825481182, "tick_direction": 3, "price": 0.08, "mark_price": 0.08020711, "iv": 56.07, "instrument_name": "BTC-30DEC22-16000-C", "index_price": 16938.02, "direction": "sell", "amount": 0.1}, {"trade_seq": 1064, "trade_id": "237569973", "timestamp": 1670825481164, "tick_direction": 2, "price": 0.08, "mark_price": 0.08020711, "iv": 56.07, "instrument_name": "BTC-30DEC22-16000-C", "index_price": 16938.02, "direction": "sell", "amount": 0.2}, {"trade_seq": 1063, "trade_id": "237564555", "timestamp": 1670807282065, "tick_direction": 2, "price": 0.0805, "mark_price": 0.08055139, "iv": 56.47, "instrument_name": "BTC-30DEC22-16000-C", "index_price": 16934.69, "direction": "sell", "amount": 0.1}, {"trade_seq": 1062, "trade_id": "237553679", "timestamp": 1670787481314, "tick_direction": 1, "price": 0.0895, "mark_price": 0.08936054, "iv": 57.62, "instrument_name": "BTC-30DEC22-16000-C", "index_price": 17147.97, "direction": "sell", "amount": 0.2}, {"trade_seq": 1061, "trade_id": "237553678", "timestamp": 1670787481301, "tick_direction": 1, "price": 0.0895, "mark_price": 0.08936054, "iv": 57.62, "instrument_name": "BTC-30DEC22-16000-C", "index_price": 17147.97, "direction": "sell", "amount": 0.6}, {"trade_seq": 1060, "trade_id": "237553638", "timestamp": 1670787436453, "tick_direction": 1, "price": 0.0895, "mark_price": 0.08963732, "iv": 57.38, "instrument_name": "BTC-30DEC22-16000-C", "index_price": 17151.06, "direction": "sell", "amount": 0.1}, {"trade_seq": 1059, "trade_id": "237553637", "timestamp": 1670787436113, "tick_direction": 1, "price": 0.0895, "mark_price": 0.08963732, "iv": 57.27, "instrument_name": "BTC-30DEC22-16000-C", "index_price": 17153.3, "direction": "sell", "amount": 0.1}, {"trade_seq": 1058, "trade_id": "237553636", "timestamp": 1670787436102, "tick_direction": 1, "price": 0.0895, "mark_price": 0.08963732, "iv": 57.27, "instrument_name": "BTC-30DEC22-16000-C", "index_price": 17153.3, "direction": "sell", "amount": 0.1}, {"trade_seq": 1057, "trade_id": "237553635", "timestamp": 1670787436086, "tick_direction": 1, "price": 0.0895, "mark_price": 0.08963732, "iv": 57.27, "instrument_name": "BTC-30DEC22-16000-C", "index_price": 17153.3, "direction": "sell", "amount": 0.2}, {"trade_seq": 1056, "trade_id": "237553632", "timestamp": 1670787434465, "tick_direction": 1, "price": 0.0895, "mark_price": 0.08968396, "iv": 57.3, "instrument_name": "BTC-30DEC22-16000-C", "index_price": 17152.85, "direction": "sell", "amount": 0.1}, {"trade_seq": 1055, "trade_id": "237553631", "timestamp": 1670787434456, "tick_direction": 1, "price": 0.0895, "mark_price": 0.08968396, "iv": 57.3, "instrument_name": "BTC-30DEC22-16000-C", "index_price": 17152.85, "direction": "sell", "amount": 0.1}, {"trade_seq": 1054, "trade_id": "237553630", "timestamp": 1670787434447, "tick_direction": 1, "price": 0.0895, "mark_price": 0.08968396, "iv": 57.3, "instrument_name": "BTC-30DEC22-16000-C", "index_price": 17152.85, "direction": "sell", "amount": 0.1}, {"trade_seq": 1053, "trade_id": "237553629", "timestamp": 1670787434436, "tick_direction": 1, "price": 0.0895, "mark_price": 0.08968396, "iv": 57.3, "instrument_name": "BTC-30DEC22-16000-C", "index_price": 17152.85, "direction": "sell", "amount": 0.2}, {"trade_seq": 1052, "trade_id": "237550703", "timestamp": 1670783858352, "tick_direction": 1, "price": 0.0895, "mark_price": 0.08958625, "iv": 56.7, "instrument_name": "BTC-30DEC22-16000-C", "index_price": 17176.27, "direction": "sell", "amount": 0.1}, {"trade_seq": 1051, "trade_id": "237550688", "timestamp": 1670783373140, "tick_direction": 0, "price": 0.0895, "mark_price": 0.08958991, "iv": 56.64, "instrument_name": "BTC-30DEC22-16000-C", "index_price": 17175.01, "direction": "sell", "amount": 0.1}, {"trade_seq": 1050, "trade_id": "237533599", "timestamp": 1670685577652, "tick_direction": 0, "price": 0.089, "mark_price": 0.08899643, "iv": 53.91, "instrument_name": "BTC-30DEC22-16000-C", "index_price": 17177.85, "direction": "buy", "amount": 0.3}, {"trade_seq": 1049, "trade_id": "237532033", "timestamp": 1670673851162, "tick_direction": 3, "price": 0.088, "mark_price": 0.08911027, "iv": 52.84, "instrument_name": "BTC-30DEC22-16000-C", "index_price": 17168.05, "direction": "sell", "amount": 3.7}, {"trade_seq": 1048, "trade_id": "237529794", "timestamp": 1670662638346, "tick_direction": 3, "price": 0.088, "mark_price": 0.08801619, "iv": 53.71, "instrument_name": "BTC-30DEC22-16000-C", "index_price": 17146.37, "direction": "buy", "amount": 0.1}, {"trade_seq": 1047, "trade_id": "237529793", "timestamp": 1670662632926, "tick_direction": 3, "price": 0.088, "mark_price": 0.08800806, "iv": 53.72, "instrument_name": "BTC-30DEC22-16000-C", "index_price": 17146.17, "direction": "buy", "amount": 0.1}, {"trade_seq": 1046, "trade_id": "237529792", "timestamp": 1670662627442, "tick_direction": 3, "price": 0.088, "mark_price": 0.08800861, "iv": 53.72, "instrument_name": "BTC-30DEC22-16000-C", "index_price": 17146.23, "direction": "buy", "amount": 0.1}, {"trade_seq": 1045, "trade_id": "237529791", "timestamp": 1670662622128, "tick_direction": 2, "price": 0.088, "mark_price": 0.08801577, "iv": 53.71, "instrument_name": "BTC-30DEC22-16000-C", "index_price": 17146.42, "direction": "buy", "amount": 0.1}, {"trade_seq": 1044, "trade_id": "237529516", "timestamp": 1670661104467, "tick_direction": 1, "price": 0.0895, "mark_price": 0.08833203, "iv": 55.29, "instrument_name": "BTC-30DEC22-16000-C", "index_price": 17147.88, "direction": "buy", "amount": 1.3}, {"trade_seq": 1043, "trade_id": "237529515", "timestamp": 1670661104467, "tick_direction": 1, "price": 0.0895, "mark_price": 0.08833203, "iv": 55.29, "instrument_name": "BTC-30DEC22-16000-C", "index_price": 17147.88, "direction": "buy", "amount": 0.3}, {"trade_seq": 1042, "trade_id": "237529514", "timestamp": 1670661104467, "tick_direction": 1, "price": 0.0895, "mark_price": 0.08833203, "iv": 55.29, "instrument_name": "BTC-30DEC22-16000-C", "index_price": 17147.88, "direction": "buy", "amount": 1.7}, {"trade_seq": 1041, "trade_id": "237529513", "timestamp": 1670661098761, "tick_direction": 0, "price": 0.0895, "mark_price": 0.08832812, "iv": 55.29, "instrument_name": "BTC-30DEC22-16000-C", "index_price": 17147.89, "direction": "buy", "amount": 3.5}, {"trade_seq": 1040, "trade_id": "237527353", "timestamp": 1670652638204, "tick_direction": 0, "price": 0.0885, "mark_price": 0.08865545, "iv": 54.37, "instrument_name": "BTC-30DEC22-16000-C", "index_price": 17147.67, "direction": "buy", "amount": 0.1}, {"trade_seq": 1039, "trade_id": "237527315", "timestamp": 1670652392318, "tick_direction": 1, "price": 0.088, "mark_price": 0.08863186, "iv": 53.75, "instrument_name": "BTC-30DEC22-16000-C", "index_price": 17143.6, "direction": "buy", "amount": 0.1}, {"trade_seq": 1038, "trade_id": "237527313", "timestamp": 1670652357677, "tick_direction": 1, "price": 0.088, "mark_price": 0.08859588, "iv": 53.79, "instrument_name": "BTC-30DEC22-16000-C", "index_price": 17142.34, "direction": "buy", "amount": 0.1}, {"trade_seq": 1037, "trade_id": "237527301", "timestamp": 1670652252208, "tick_direction": 0, "price": 0.088, "mark_price": 0.08849724, "iv": 53.92, "instrument_name": "BTC-30DEC22-16000-C", "index_price": 17140.44, "direction": "buy", "amount": 0.1}, {"trade_seq": 1036, "trade_id": "237527290", "timestamp": 1670652250508, "tick_direction": 3, "price": 0.0875, "mark_price": 0.0885007, "iv": 53.27, "instrument_name": "BTC-30DEC22-16000-C", "index_price": 17140.43, "direction": "sell", "amount": 0.1}, {"trade_seq": 1035, "trade_id": "237527286", "timestamp": 1670652205941, "tick_direction": 2, "price": 0.0875, "mark_price": 0.08846996, "iv": 53.32, "instrument_name": "BTC-30DEC22-16000-C", "index_price": 17138.64, "direction": "sell", "amount": 0.1}, {"trade_seq": 1034, "trade_id": "237526908", "timestamp": 1670647449850, "tick_direction": 0, "price": 0.089, "mark_price": 0.08926227, "iv": 54.38, "instrument_name": "BTC-30DEC22-16000-C", "index_price": 17159.36, "direction": "buy", "amount": 0.1}, {"trade_seq": 1033, "trade_id": "237526906", "timestamp": 1670647445693, "tick_direction": 0, "price": 0.0885, "mark_price": 0.08922708, "iv": 53.8, "instrument_name": "BTC-30DEC22-16000-C", "index_price": 17158.22, "direction": "buy", "amount": 0.1}, {"trade_seq": 1032, "trade_id": "237521656", "timestamp": 1670619994385, "tick_direction": 0, "price": 0.087, "mark_price": 0.08649645, "iv": 54.23, "instrument_name": "BTC-30DEC22-16000-C", "index_price": 17090.18, "direction": "sell", "amount": 1.0}, {"trade_seq": 1031, "trade_id": "237512759", "timestamp": 1670595959471, "tick_direction": 2, "price": 0.0865, "mark_price": 0.08641485, "iv": 53.13, "instrument_name": "BTC-30DEC22-16000-C", "index_price": 17097.25, "direction": "sell", "amount": 1.0}, {"trade_seq": 1030, "trade_id": "237512256", "timestamp": 1670595451220, "tick_direction": 2, "price": 0.088, "mark_price": 0.08798778, "iv": 53.16, "instrument_name": "BTC-30DEC22-16000-C", "index_price": 17132.62, "direction": "sell", "amount": 1.0}, {"trade_seq": 1029, "trade_id": "237512083", "timestamp": 1670594988710, "tick_direction": 2, "price": 0.0885, "mark_price": 0.08872072, "iv": 53.15, "instrument_name": "BTC-30DEC22-16000-C", "index_price": 17148.62, "direction": "sell", "amount": 2.0}, {"trade_seq": 1028, "trade_id": "237511963", "timestamp": 1670594531880, "tick_direction": 3, "price": 0.089, "mark_price": 0.08904044, "iv": 53.37, "instrument_name": "BTC-30DEC22-16000-C", "index_price": 17156.6, "direction": "sell", "amount": 0.7}, {"trade_seq": 1027, "trade_id": "237511957", "timestamp": 1670594519625, "tick_direction": 2, "price": 0.089, "mark_price": 0.08909714, "iv": 53.31, "instrument_name": "BTC-30DEC22-16000-C", "index_price": 17157.95, "direction": "sell", "amount": 1.3}, {"trade_seq": 1026, "trade_id": "237501303", "timestamp": 1670580459603, "tick_direction": 0, "price": 0.092, "mark_price": 0.0921229, "iv": 52.34, "instrument_name": "BTC-30DEC22-16000-C", "index_price": 17256.61, "direction": "buy", "amount": 7.8}, {"trade_seq": 1025, "trade_id": "237471753", "timestamp": 1670526230781, "tick_direction": 2, "price": 0.0935, "mark_price": 0.09371273, "iv": 52.91, "instrument_name": "BTC-30DEC22-16000-C", "index_price": 17244.6, "direction": "sell", "amount": 0.1}, {"trade_seq": 1024, "trade_id": "237470575", "timestamp": 1670525583011, "tick_direction": 0, "price": 0.095, "mark_price": 0.09472494, "iv": 53.64, "instrument_name": "BTC-30DEC22-16000-C", "index_price": 17275.04, "direction": "sell", "amount": 2.0}, {"trade_seq": 1023, "trade_id": "237469033", "timestamp": 1670524962193, "tick_direction": 1, "price": 0.092, "mark_price": 0.0918338, "iv": 53.47, "instrument_name": "BTC-30DEC22-16000-C", "index_price": 17195.69, "direction": "sell", "amount": 1.0}, {"trade_seq": 1022, "trade_id": "237468846", "timestamp": 1670524842599, "tick_direction": 0, "price": 0.092, "mark_price": 0.09177755, "iv": 53.55, "instrument_name": "BTC-30DEC22-16000-C", "index_price": 17194.01, "direction": "sell", "amount": 1.0}, {"trade_seq": 1021, "trade_id": "237466559", "timestamp": 1670524516700, "tick_direction": 0, "price": 0.087, "mark_price": 0.08730287, "iv": 52.61, "instrument_name": "BTC-30DEC22-16000-C", "index_price": 17087.62, "direction": "sell", "amount": 1.0}, {"trade_seq": 1020, "trade_id": "237465521", "timestamp": 1670524164453, "tick_direction": 0, "price": 0.085, "mark_price": 0.08523735, "iv": 52.75, "instrument_name": "BTC-30DEC22-16000-C", "index_price": 17034.56, "direction": "sell", "amount": 1.0}, {"trade_seq": 1019, "trade_id": "237465214", "timestamp": 1670524081885, "tick_direction": 0, "price": 0.0845, "mark_price": 0.08397289, "iv": 53.67, "instrument_name": "BTC-30DEC22-16000-C", "index_price": 16999.83, "direction": "buy", "amount": 1.0}, {"trade_seq": 1018, "trade_id": "237465031", "timestamp": 1670523904134, "tick_direction": 2, "price": 0.0835, "mark_price": 0.08339078, "iv": 53.21, "instrument_name": "BTC-30DEC22-16000-C", "index_price": 16986.24, "direction": "sell", "amount": 3.0}, {"trade_seq": 1017, "trade_id": "237464886", "timestamp": 1670523656411, "tick_direction": 0, "price": 0.084, "mark_price": 0.08329883, "iv": 53.86, "instrument_name": "BTC-30DEC22-16000-C", "index_price": 16983.97, "direction": "buy", "amount": 2.0}, {"trade_seq": 1016, "trade_id": "237464552", "timestamp": 1670522907325, "tick_direction": 0, "price": 0.0835, "mark_price": 0.08309814, "iv": 53.8, "instrument_name": "BTC-30DEC22-16000-C", "index_price": 16972.37, "direction": "buy", "amount": 3.4}, {"trade_seq": 1015, "trade_id": "237460665", "timestamp": 1670514002464, "tick_direction": 0, "price": 0.082, "mark_price": 0.08146969, "iv": 53.1, "instrument_name": "BTC-30DEC22-16000-C", "index_price": 16940.63, "direction": "sell", "amount": 1.0}, {"trade_seq": 1014, "trade_id": "237460194", "timestamp": 1670513835819, "tick_direction": 0, "price": 0.0815, "mark_price": 0.08149051, "iv": 52.44, "instrument_name": "BTC-30DEC22-16000-C", "index_price": 16945.94, "direction": "buy", "amount": 0.1}, {"trade_seq": 1013, "trade_id": "237458739", "timestamp": 1670513169812, "tick_direction": 0, "price": 0.081, "mark_price": 0.08021646, "iv": 53.28, "instrument_name": "BTC-30DEC22-16000-C", "index_price": 16914.39, "direction": "sell", "amount": 1.0}, {"trade_seq": 1012, "trade_id": "237452144", "timestamp": 1670509689255, "tick_direction": 2, "price": 0.0785, "mark_price": 0.07802225, "iv": 52.85, "instrument_name": "BTC-30DEC22-16000-C", "index_price": 16855.9, "direction": "buy", "amount": 0.2}, {"trade_seq": 1011, "trade_id": "237446346", "timestamp": 1670501006068, "tick_direction": 0, "price": 0.0805, "mark_price": 0.07941853, "iv": 54.37, "instrument_name": "BTC-30DEC22-16000-C", "index_price": 16872.89, "direction": "buy", "amount": 1.0}, {"trade_seq": 1010, "trade_id": "237444772", "timestamp": 1670499917164, "tick_direction": 2, "price": 0.075, "mark_price": 0.07595574, "iv": 52.02, "instrument_name": "BTC-30DEC22-16000-C", "index_price": 16763.83, "direction": "sell", "amount": 7.0}, {"trade_seq": 1009, "trade_id": "237444323", "timestamp": 1670499617207, "tick_direction": 2, "price": 0.077, "mark_price": 0.07730889, "iv": 52.77, "instrument_name": "BTC-30DEC22-16000-C", "index_price": 16817.03, "direction": "sell", "amount": 3.8}, {"trade_seq": 1008, "trade_id": "237443193", "timestamp": 1670494780137, "tick_direction": 3, "price": 0.078, "mark_price": 0.07887366, "iv": 53.62, "instrument_name": "BTC-30DEC22-16000-C", "index_price": 16819.08, "direction": "sell", "amount": 8.0}, {"trade_seq": 1007, "trade_id": "237443192", "timestamp": 1670494780137, "tick_direction": 3, "price": 0.078, "mark_price": 0.07887366, "iv": 53.62, "instrument_name": "BTC-30DEC22-16000-C", "index_price": 16819.08, "direction": "sell", "amount": 5.3}, {"trade_seq": 1006, "trade_id": "237443177", "timestamp": 1670494754835, "tick_direction": 3, "price": 0.078, "mark_price": 0.07884722, "iv": 53.67, "instrument_name": "BTC-30DEC22-16000-C", "index_price": 16818.05, "direction": "sell", "amount": 5.0}, {"trade_seq": 1005, "trade_id": "237443176", "timestamp": 1670494754835, "tick_direction": 2, "price": 0.078, "mark_price": 0.07884722, "iv": 53.67, "instrument_name": "BTC-30DEC22-16000-C", "index_price": 16818.05, "direction": "sell", "amount": 5.6}, {"trade_seq": 1004, "trade_id": "237441078", "timestamp": 1670487425556, "tick_direction": 3, "price": 0.0795, "mark_price": 0.07965354, "iv": 55.07, "instrument_name": "BTC-30DEC22-16000-C", "index_price": 16824.48, "direction": "buy", "amount": 0.9}, {"trade_seq": 1003, "trade_id": "237441077", "timestamp": 1670487425555, "tick_direction": 2, "price": 0.0795, "mark_price": 0.07965354, "iv": 55.07, "instrument_name": "BTC-30DEC22-16000-C", "index_price": 16824.48, "direction": "sell", "amount": 4.1}, {"trade_seq": 1002, "trade_id": "237439751", "timestamp": 1670485074169, "tick_direction": 1, "price": 0.0805, "mark_price": 0.08038033, "iv": 55.6, "instrument_name": "BTC-30DEC22-16000-C", "index_price": 16836.3, "direction": "sell", "amount": 4.1}, {"trade_seq": 1001, "trade_id": "237425743", "timestamp": 1670448219452, "tick_direction": 1, "price": 0.08, "mark_price": 0.07934548, "iv": 55.38, "instrument_name": "BTC-30DEC22-16000-C", "index_price": 16825.43, "direction": "buy", "amount": 3.6}, {"trade_seq": 1000, "trade_id": "237425268", "timestamp": 1670446207522, "tick_direction": 0, "price": 0.08, "mark_price": 0.07927775, "iv": 55.35, "instrument_name": "BTC-30DEC22-16000-C", "index_price": 16829.82, "direction": "buy", "amount": 3.4}, {"trade_seq": 999, "trade_id": "237423660", "timestamp": 1670443441833, "tick_direction": 3, "price": 0.079, "mark_price": 0.07837268, "iv": 55.04, "instrument_name": "BTC-30DEC22-16000-C", "index_price": 16807.49, "direction": "buy", "amount": 0.2}, {"trade_seq": 998, "trade_id": "237423614", "timestamp": 1670443356569, "tick_direction": 2, "price": 0.079, "mark_price": 0.07845887, "iv": 54.99, "instrument_name": "BTC-30DEC22-16000-C", "index_price": 16807.8, "direction": "buy", "amount": 0.1}, {"trade_seq": 997, "trade_id": "237418209", "timestamp": 1670432977225, "tick_direction": 0, "price": 0.0795, "mark_price": 0.07940331, "iv": 54.42, "instrument_name": "BTC-30DEC22-16000-C", "index_price": 16808.5, "direction": "buy", "amount": 3.8}, {"trade_seq": 996, "trade_id": "237417155", "timestamp": 1670430525278, "tick_direction": 2, "price": 0.0795, "mark_price": 0.07950354, "iv": 54.46, "instrument_name": "BTC-30DEC22-16000-C", "index_price": 16802.59, "direction": "sell", "amount": 0.1}, {"trade_seq": 995, "trade_id": "237407154", "timestamp": 1670409191584, "tick_direction": 0, "price": 0.0805, "mark_price": 0.07969851, "iv": 55.35, "instrument_name": "BTC-30DEC22-16000-C", "index_price": 16818.65, "direction": "sell", "amount": 2.9}, {"trade_seq": 994, "trade_id": "237407088", "timestamp": 1670409164628, "tick_direction": 0, "price": 0.08, "mark_price": 0.07953612, "iv": 54.92, "instrument_name": "BTC-30DEC22-16000-C", "index_price": 16814.94, "direction": "buy", "amount": 0.1}, {"trade_seq": 993, "trade_id": "237406526", "timestamp": 1670408042857, "tick_direction": 3, "price": 0.0795, "mark_price": 0.07910351, "iv": 54.3, "instrument_name": "BTC-30DEC22-16000-C", "index_price": 16811.12, "direction": "sell", "amount": 4.2}, {"trade_seq": 992, "trade_id": "237406522", "timestamp": 1670408041331, "tick_direction": 3, "price": 0.0795, "mark_price": 0.07910388, "iv": 54.27, "instrument_name": "BTC-30DEC22-16000-C", "index_price": 16811.72, "direction": "sell", "amount": 0.3}, {"trade_seq": 991, "trade_id": "237406521", "timestamp": 1670408040276, "tick_direction": 3, "price": 0.0795, "mark_price": 0.0791032, "iv": 54.26, "instrument_name": "BTC-30DEC22-16000-C", "index_price": 16812.12, "direction": "sell", "amount": 0.1}, {"trade_seq": 990, "trade_id": "237406520", "timestamp": 1670408040265, "tick_direction": 3, "price": 0.0795, "mark_price": 0.0791032, "iv": 54.26, "instrument_name": "BTC-30DEC22-16000-C", "index_price": 16812.12, "direction": "sell", "amount": 0.2}, {"trade_seq": 989, "trade_id": "237406519", "timestamp": 1670408040253, "tick_direction": 2, "price": 0.0795, "mark_price": 0.0791032, "iv": 54.26, "instrument_name": "BTC-30DEC22-16000-C", "index_price": 16812.12, "direction": "sell", "amount": 0.3}, {"trade_seq": 988, "trade_id": "237394611", "timestamp": 1670396331614, "tick_direction": 2, "price": 0.084, "mark_price": 0.08421717, "iv": 53.34, "instrument_name": "BTC-30DEC22-16000-C", "index_price": 16946.85, "direction": "buy", "amount": 0.1}, {"trade_seq": 987, "trade_id": "237382538", "timestamp": 1670364497321, "tick_direction": 0, "price": 0.087, "mark_price": 0.08625707, "iv": 54.93, "instrument_name": "BTC-30DEC22-16000-C", "index_price": 16983.21, "direction": "buy", "amount": 3.0}, {"trade_seq": 986, "trade_id": "237365561", "timestamp": 1670329963650, "tick_direction": 1, "price": 0.0865, "mark_price": 0.08614493, "iv": 53.2, "instrument_name": "BTC-30DEC22-16000-C", "index_price": 17000.15, "direction": "buy", "amount": 0.1}, {"trade_seq": 985, "trade_id": "237365560", "timestamp": 1670329963639, "tick_direction": 1, "price": 0.0865, "mark_price": 0.08614493, "iv": 53.2, "instrument_name": "BTC-30DEC22-16000-C", "index_price": 17000.15, "direction": "buy", "amount": 0.1}, {"trade_seq": 984, "trade_id": "237365559", "timestamp": 1670329963628, "tick_direction": 1, "price": 0.0865, "mark_price": 0.08614493, "iv": 53.2, "instrument_name": "BTC-30DEC22-16000-C", "index_price": 17000.15, "direction": "buy", "amount": 0.3}, {"trade_seq": 983, "trade_id": "237365558", "timestamp": 1670329963314, "tick_direction": 1, "price": 0.0865, "mark_price": 0.08614493, "iv": 53.2, "instrument_name": "BTC-30DEC22-16000-C", "index_price": 17000.15, "direction": "buy", "amount": 0.4}, {"trade_seq": 982, "trade_id": "237365549", "timestamp": 1670329957568, "tick_direction": 1, "price": 0.0865, "mark_price": 0.08612637, "iv": 53.22, "instrument_name": "BTC-30DEC22-16000-C", "index_price": 17001.13, "direction": "buy", "amount": 0.2}, {"trade_seq": 981, "trade_id": "237365548", "timestamp": 1670329957553, "tick_direction": 0, "price": 0.0865, "mark_price": 0.08612637, "iv": 53.22, "instrument_name": "BTC-30DEC22-16000-C", "index_price": 17001.13, "direction": "buy", "amount": 0.3}, {"trade_seq": 980, "trade_id": "237363018", "timestamp": 1670323625138, "tick_direction": 3, "price": 0.0845, "mark_price": 0.08486171, "iv": 52.73, "instrument_name": "BTC-30DEC22-16000-C", "index_price": 16956.94, "direction": "buy", "amount": 1.0}, {"trade_seq": 979, "trade_id": "237362349", "timestamp": 1670322201181, "tick_direction": 3, "price": 0.0845, "mark_price": 0.08509266, "iv": 52.42, "instrument_name": "BTC-30DEC22-16000-C", "index_price": 16959.0, "direction": "buy", "amount": 2.4}, {"trade_seq": 978, "trade_id": "237362348", "timestamp": 1670322201057, "tick_direction": 3, "price": 0.0845, "mark_price": 0.08509266, "iv": 52.42, "instrument_name": "BTC-30DEC22-16000-C", "index_price": 16959.0, "direction": "buy", "amount": 0.7}, {"trade_seq": 977, "trade_id": "237362347", "timestamp": 1670322201052, "tick_direction": 3, "price": 0.0845, "mark_price": 0.08509266, "iv": 52.42, "instrument_name": "BTC-30DEC22-16000-C", "index_price": 16959.0, "direction": "buy", "amount": 6.5}, {"trade_seq": 976, "trade_id": "237362346", "timestamp": 1670322201045, "tick_direction": 2, "price": 0.0845, "mark_price": 0.08509266, "iv": 52.42, "instrument_name": "BTC-30DEC22-16000-C", "index_price": 16959.0, "direction": "sell", "amount": 4.0}, {"trade_seq": 975, "trade_id": "237276763", "timestamp": 1670202584385, "tick_direction": 1, "price": 0.0985, "mark_price": 0.09816146, "iv": 56.83, "instrument_name": "BTC-30DEC22-16000-C", "index_price": 17203.16, "direction": "sell", "amount": 0.1}, {"trade_seq": 974, "trade_id": "237276762", "timestamp": 1670202584374, "tick_direction": 1, "price": 0.0985, "mark_price": 0.09816146, "iv": 56.83, "instrument_name": "BTC-30DEC22-16000-C", "index_price": 17203.16, "direction": "sell", "amount": 0.1}, {"trade_seq": 973, "trade_id": "237276761", "timestamp": 1670202584348, "tick_direction": 0, "price": 0.0985, "mark_price": 0.09816146, "iv": 56.83, "instrument_name": "BTC-30DEC22-16000-C", "index_price": 17203.16, "direction": "sell", "amount": 0.3}, {"trade_seq": 972, "trade_id": "237259140", "timestamp": 1670179676337, "tick_direction": 1, "price": 0.096, "mark_price": 0.09566121, "iv": 56.45, "instrument_name": "BTC-30DEC22-16000-C", "index_price": 17134.76, "direction": "sell", "amount": 2.7}, {"trade_seq": 971, "trade_id": "237259131", "timestamp": 1670179676252, "tick_direction": 1, "price": 0.096, "mark_price": 0.09566121, "iv": 56.45, "instrument_name": "BTC-30DEC22-16000-C", "index_price": 17134.76, "direction": "sell", "amount": 0.2}, {"trade_seq": 970, "trade_id": "237259130", "timestamp": 1670179676249, "tick_direction": 1, "price": 0.096, "mark_price": 0.09566121, "iv": 56.45, "instrument_name": "BTC-30DEC22-16000-C", "index_price": 17134.76, "direction": "sell", "amount": 0.1}, {"trade_seq": 969, "trade_id": "237259129", "timestamp": 1670179676245, "tick_direction": 1, "price": 0.096, "mark_price": 0.09566121, "iv": 56.45, "instrument_name": "BTC-30DEC22-16000-C", "index_price": 17134.76, "direction": "sell", "amount": 1.5}, {"trade_seq": 968, "trade_id": "237259122", "timestamp": 1670179663606, "tick_direction": 1, "price": 0.096, "mark_price": 0.09569439, "iv": 56.38, "instrument_name": "BTC-30DEC22-16000-C", "index_price": 17135.4, "direction": "sell", "amount": 0.1}, {"trade_seq": 967, "trade_id": "237259114", "timestamp": 1670179645244, "tick_direction": 1, "price": 0.096, "mark_price": 0.0957465, "iv": 56.3, "instrument_name": "BTC-30DEC22-16000-C", "index_price": 17137.17, "direction": "sell", "amount": 0.1}, {"trade_seq": 966, "trade_id": "237259113", "timestamp": 1670179643288, "tick_direction": 1, "price": 0.096, "mark_price": 0.09575102, "iv": 56.29, "instrument_name": "BTC-30DEC22-16000-C", "index_price": 17138.35, "direction": "sell", "amount": 0.1}, {"trade_seq": 965, "trade_id": "237259112", "timestamp": 1670179641251, "tick_direction": 1, "price": 0.096, "mark_price": 0.09575575, "iv": 56.28, "instrument_name": "BTC-30DEC22-16000-C", "index_price": 17138.4, "direction": "sell", "amount": 0.1}, {"trade_seq": 964, "trade_id": "237259110", "timestamp": 1670179639221, "tick_direction": 0, "price": 0.096, "mark_price": 0.09575029, "iv": 56.28, "instrument_name": "BTC-30DEC22-16000-C", "index_price": 17138.46, "direction": "sell", "amount": 0.1}, {"trade_seq": 963, "trade_id": "237257327", "timestamp": 1670177568476, "tick_direction": 3, "price": 0.094, "mark_price": 0.09351438, "iv": 56.29, "instrument_name": "BTC-30DEC22-16000-C", "index_price": 17085.47, "direction": "sell", "amount": 0.1}, {"trade_seq": 962, "trade_id": "237257326", "timestamp": 1670177568476, "tick_direction": 2, "price": 0.094, "mark_price": 0.09351438, "iv": 56.29, "instrument_name": "BTC-30DEC22-16000-C", "index_price": 17085.47, "direction": "sell", "amount": 1.0}, {"trade_seq": 961, "trade_id": "237257320", "timestamp": 1670177567773, "tick_direction": 0, "price": 0.0945, "mark_price": 0.09351438, "iv": 56.78, "instrument_name": "BTC-30DEC22-16000-C", "index_price": 17085.71, "direction": "sell", "amount": 0.5}, {"trade_seq": 960, "trade_id": "237252312", "timestamp": 1670170006207, "tick_direction": 1, "price": 0.0925, "mark_price": 0.09224795, "iv": 55.84, "instrument_name": "BTC-30DEC22-16000-C", "index_price": 17051.25, "direction": "sell", "amount": 0.1}, {"trade_seq": 959, "trade_id": "237252311", "timestamp": 1670170002399, "tick_direction": 1, "price": 0.0925, "mark_price": 0.09222769, "iv": 55.87, "instrument_name": "BTC-30DEC22-16000-C", "index_price": 17051.3, "direction": "sell", "amount": 0.9}, {"trade_seq": 958, "trade_id": "237252309", "timestamp": 1670170001782, "tick_direction": 1, "price": 0.0925, "mark_price": 0.09222765, "iv": 55.87, "instrument_name": "BTC-30DEC22-16000-C", "index_price": 17050.65, "direction": "sell", "amount": 0.1}, {"trade_seq": 957, "trade_id": "237252175", "timestamp": 1670169956399, "tick_direction": 0, "price": 0.0925, "mark_price": 0.09202138, "iv": 56.08, "instrument_name": "BTC-30DEC22-16000-C", "index_price": 17047.26, "direction": "sell", "amount": 1.0}, {"trade_seq": 956, "trade_id": "237251773", "timestamp": 1670169080025, "tick_direction": 1, "price": 0.092, "mark_price": 0.0915803, "iv": 56.07, "instrument_name": "BTC-30DEC22-16000-C", "index_price": 17035.3, "direction": "sell", "amount": 0.8}, {"trade_seq": 955, "trade_id": "237251726", "timestamp": 1670168974239, "tick_direction": 1, "price": 0.092, "mark_price": 0.09158665, "iv": 56.06, "instrument_name": "BTC-30DEC22-16000-C", "index_price": 17033.44, "direction": "sell", "amount": 0.8}, {"trade_seq": 954, "trade_id": "237240785", "timestamp": 1670142966923, "tick_direction": 1, "price": 0.092, "mark_price": 0.09151118, "iv": 56.13, "instrument_name": "BTC-30DEC22-16000-C", "index_price": 17023.65, "direction": "sell", "amount": 0.1}, {"trade_seq": 953, "trade_id": "237240784", "timestamp": 1670142966923, "tick_direction": 1, "price": 0.092, "mark_price": 0.09151118, "iv": 56.13, "instrument_name": "BTC-30DEC22-16000-C", "index_price": 17023.65, "direction": "sell", "amount": 1.2}, {"trade_seq": 952, "trade_id": "237240761", "timestamp": 1670142941166, "tick_direction": 1, "price": 0.092, "mark_price": 0.0914725, "iv": 56.12, "instrument_name": "BTC-30DEC22-16000-C", "index_price": 17025.17, "direction": "sell", "amount": 0.1}, {"trade_seq": 951, "trade_id": "237240760", "timestamp": 1670142941137, "tick_direction": 0, "price": 0.092, "mark_price": 0.0914725, "iv": 56.12, "instrument_name": "BTC-30DEC22-16000-C", "index_price": 17025.17, "direction": "sell", "amount": 1.3}, {"trade_seq": 950, "trade_id": "237226967", "timestamp": 1670115582823, "tick_direction": 0, "price": 0.0885, "mark_price": 0.08908879, "iv": 54.73, "instrument_name": "BTC-30DEC22-16000-C", "index_price": 16951.65, "direction": "sell", "amount": 3.2}, {"trade_seq": 949, "trade_id": "237206678", "timestamp": 1670065697999, "tick_direction": 2, "price": 0.0875, "mark_price": 0.08766039, "iv": 54.53, "instrument_name": "BTC-30DEC22-16000-C", "index_price": 16908.42, "direction": "buy", "amount": 1.5}, {"trade_seq": 948, "trade_id": "237203143", "timestamp": 1670058818579, "tick_direction": 2, "price": 0.089, "mark_price": 0.08966823, "iv": 53.74, "instrument_name": "BTC-30DEC22-16000-C", "index_price": 16968.1, "direction": "buy", "amount": 1.0}, {"trade_seq": 947, "trade_id": "237178512", "timestamp": 1670009732098, "tick_direction": 0, "price": 0.09, "mark_price": 0.09005535, "iv": 54.29, "instrument_name": "BTC-30DEC22-16000-C", "index_price": 16964.78, "direction": "buy", "amount": 1.0}, {"trade_seq": 946, "trade_id": "237178030", "timestamp": 1670008669902, "tick_direction": 2, "price": 0.0895, "mark_price": 0.08927698, "iv": 54.58, "instrument_name": "BTC-30DEC22-16000-C", "index_price": 16944.15, "direction": "buy", "amount": 1.0}, {"trade_seq": 945, "trade_id": "237175443", "timestamp": 1670002561066, "tick_direction": 3, "price": 0.09, "mark_price": 0.08976609, "iv": 54.96, "instrument_name": "BTC-30DEC22-16000-C", "index_price": 16950.01, "direction": "buy", "amount": 1.0}, {"trade_seq": 944, "trade_id": "237175250", "timestamp": 1670002051078, "tick_direction": 3, "price": 0.09, "mark_price": 0.08986623, "iv": 54.8, "instrument_name": "BTC-30DEC22-16000-C", "index_price": 16954.86, "direction": "buy", "amount": 1.0}, {"trade_seq": 943, "trade_id": "237175024", "timestamp": 1670001382183, "tick_direction": 3, "price": 0.09, "mark_price": 0.09001675, "iv": 54.62, "instrument_name": "BTC-30DEC22-16000-C", "index_price": 16960.49, "direction": "buy", "amount": 1.0}, {"trade_seq": 942, "trade_id": "237171167", "timestamp": 1669996064374, "tick_direction": 2, "price": 0.09, "mark_price": 0.09004984, "iv": 54.49, "instrument_name": "BTC-30DEC22-16000-C", "index_price": 16952.18, "direction": "buy", "amount": 3.0}, {"trade_seq": 941, "trade_id": "237154492", "timestamp": 1669987801898, "tick_direction": 2, "price": 0.092, "mark_price": 0.0941161, "iv": 54.59, "instrument_name": "BTC-30DEC22-16000-C", "index_price": 17014.47, "direction": "sell", "amount": 10.8}, {"trade_seq": 940, "trade_id": "237150308", "timestamp": 1669984399645, "tick_direction": 0, "price": 0.094, "mark_price": 0.09328271, "iv": 56.36, "instrument_name": "BTC-30DEC22-16000-C", "index_price": 17023.64, "direction": "buy", "amount": 2.6}, {"trade_seq": 939, "trade_id": "237131347", "timestamp": 1669951732333, "tick_direction": 3, "price": 0.092, "mark_price": 0.09289672, "iv": 58.13, "instrument_name": "BTC-30DEC22-16000-C", "index_price": 16908.19, "direction": "sell", "amount": 4.2}, {"trade_seq": 938, "trade_id": "237131332", "timestamp": 1669951720318, "tick_direction": 2, "price": 0.092, "mark_price": 0.0929491, "iv": 58.06, "instrument_name": "BTC-30DEC22-16000-C", "index_price": 16909.33, "direction": "sell", "amount": 4.5}, {"trade_seq": 937, "trade_id": "237131306", "timestamp": 1669951675259, "tick_direction": 0, "price": 0.0925, "mark_price": 0.09291408, "iv": 58.56, "instrument_name": "BTC-30DEC22-16000-C", "index_price": 16909.23, "direction": "sell", "amount": 4.2}, {"trade_seq": 936, "trade_id": "237102300", "timestamp": 1669909763446, "tick_direction": 2, "price": 0.092, "mark_price": 0.09266721, "iv": 55.56, "instrument_name": "BTC-30DEC22-16000-C", "index_price": 16960.91, "direction": "buy", "amount": 2.0}, {"trade_seq": 935, "trade_id": "236984818", "timestamp": 1669822267553, "tick_direction": 0, "price": 0.0925, "mark_price": 0.09234685, "iv": 59.61, "instrument_name": "BTC-30DEC22-16000-C", "index_price": 16818.42, "direction": "sell", "amount": 0.2}, {"trade_seq": 934, "trade_id": "236981001", "timestamp": 1669815702125, "tick_direction": 3, "price": 0.092, "mark_price": 0.09267062, "iv": 58.88, "instrument_name": "BTC-30DEC22-16000-C", "index_price": 16821.81, "direction": "buy", "amount": 1.2}, {"trade_seq": 933, "trade_id": "236981000", "timestamp": 1669815702124, "tick_direction": 3, "price": 0.092, "mark_price": 0.09267062, "iv": 58.88, "instrument_name": "BTC-30DEC22-16000-C", "index_price": 16821.81, "direction": "buy", "amount": 2.7}, {"trade_seq": 932, "trade_id": "236980999", "timestamp": 1669815702096, "tick_direction": 2, "price": 0.092, "mark_price": 0.09267062, "iv": 58.88, "instrument_name": "BTC-30DEC22-16000-C", "index_price": 16821.81, "direction": "buy", "amount": 7.5}, {"trade_seq": 931, "trade_id": "236976528", "timestamp": 1669810403562, "tick_direction": 0, "price": 0.095, "mark_price": 0.09433856, "iv": 60.06, "instrument_name": "BTC-30DEC22-16000-C", "index_price": 16878.63, "direction": "buy", "amount": 3.6}, {"trade_seq": 930, "trade_id": "236975098", "timestamp": 1669806035988, "tick_direction": 3, "price": 0.094, "mark_price": 0.09406874, "iv": 59.2, "instrument_name": "BTC-30DEC22-16000-C", "index_price": 16869.82, "direction": "sell", "amount": 0.1}, {"trade_seq": 929, "trade_id": "236975097", "timestamp": 1669806030343, "tick_direction": 3, "price": 0.094, "mark_price": 0.09407233, "iv": 59.21, "instrument_name": "BTC-30DEC22-16000-C", "index_price": 16869.57, "direction": "sell", "amount": 0.1}, {"trade_seq": 928, "trade_id": "236975085", "timestamp": 1669805976488, "tick_direction": 3, "price": 0.094, "mark_price": 0.09417606, "iv": 59.12, "instrument_name": "BTC-30DEC22-16000-C", "index_price": 16872.61, "direction": "sell", "amount": 0.1}, {"trade_seq": 927, "trade_id": "236975083", "timestamp": 1669805936084, "tick_direction": 2, "price": 0.094, "mark_price": 0.094213, "iv": 59.11, "instrument_name": "BTC-30DEC22-16000-C", "index_price": 16873.64, "direction": "sell", "amount": 0.1}, {"trade_seq": 926, "trade_id": "236974787", "timestamp": 1669804406192, "tick_direction": 0, "price": 0.0955, "mark_price": 0.09472492, "iv": 59.78, "instrument_name": "BTC-30DEC22-16000-C", "index_price": 16888.17, "direction": "buy", "amount": 1.0}, {"trade_seq": 925, "trade_id": "236973710", "timestamp": 1669800713749, "tick_direction": 3, "price": 0.0925, "mark_price": 0.09313174, "iv": 58.08, "instrument_name": "BTC-30DEC22-16000-C", "index_price": 16856.31, "direction": "sell", "amount": 0.2}, {"trade_seq": 924, "trade_id": "236973709", "timestamp": 1669800713749, "tick_direction": 2, "price": 0.0925, "mark_price": 0.09313174, "iv": 58.08, "instrument_name": "BTC-30DEC22-16000-C", "index_price": 16856.31, "direction": "sell", "amount": 4.8}, {"trade_seq": 923, "trade_id": "236973704", "timestamp": 1669800689088, "tick_direction": 0, "price": 0.093, "mark_price": 0.09313513, "iv": 58.54, "instrument_name": "BTC-30DEC22-16000-C", "index_price": 16856.82, "direction": "sell", "amount": 0.1}, {"trade_seq": 922, "trade_id": "236973610", "timestamp": 1669800459237, "tick_direction": 2, "price": 0.0925, "mark_price": 0.09287448, "iv": 58.42, "instrument_name": "BTC-30DEC22-16000-C", "index_price": 16846.06, "direction": "sell", "amount": 0.2}, {"trade_seq": 921, "trade_id": "236971734", "timestamp": 1669797022958, "tick_direction": 2, "price": 0.095, "mark_price": 0.09491873, "iv": 58.94, "instrument_name": "BTC-30DEC22-16000-C", "index_price": 16895.29, "direction": "sell", "amount": 0.1}, {"trade_seq": 920, "trade_id": "236962198", "timestamp": 1669780390371, "tick_direction": 3, "price": 0.096, "mark_price": 0.09561631, "iv": 60.28, "instrument_name": "BTC-30DEC22-16000-C", "index_price": 16872.76, "direction": "sell", "amount": 0.9}, {"trade_seq": 919, "trade_id": "236962195", "timestamp": 1669780382667, "tick_direction": 3, "price": 0.096, "mark_price": 0.09563173, "iv": 60.33, "instrument_name": "BTC-30DEC22-16000-C", "index_price": 16870.94, "direction": "sell", "amount": 0.1}, {"trade_seq": 918, "trade_id": "236962110", "timestamp": 1669780334337, "tick_direction": 3, "price": 0.096, "mark_price": 0.09578455, "iv": 60.2, "instrument_name": "BTC-30DEC22-16000-C", "index_price": 16874.86, "direction": "sell", "amount": 1.0}, {"trade_seq": 917, "trade_id": "236961972", "timestamp": 1669780203848, "tick_direction": 3, "price": 0.096, "mark_price": 0.09588722, "iv": 60.18, "instrument_name": "BTC-30DEC22-16000-C", "index_price": 16880.55, "direction": "sell", "amount": 1.0}, {"trade_seq": 916, "trade_id": "236961789", "timestamp": 1669780145153, "tick_direction": 3, "price": 0.096, "mark_price": 0.09585778, "iv": 60.24, "instrument_name": "BTC-30DEC22-16000-C", "index_price": 16876.07, "direction": "sell", "amount": 0.1}, {"trade_seq": 915, "trade_id": "236961786", "timestamp": 1669780145125, "tick_direction": 3, "price": 0.096, "mark_price": 0.09585778, "iv": 60.24, "instrument_name": "BTC-30DEC22-16000-C", "index_price": 16876.07, "direction": "sell", "amount": 0.1}, {"trade_seq": 914, "trade_id": "236961784", "timestamp": 1669780142401, "tick_direction": 3, "price": 0.096, "mark_price": 0.09585343, "iv": 60.24, "instrument_name": "BTC-30DEC22-16000-C", "index_price": 16876.03, "direction": "sell", "amount": 0.1}, {"trade_seq": 913, "trade_id": "236961783", "timestamp": 1669780142392, "tick_direction": 3, "price": 0.096, "mark_price": 0.09585343, "iv": 60.24, "instrument_name": "BTC-30DEC22-16000-C", "index_price": 16876.03, "direction": "sell", "amount": 0.1}, {"trade_seq": 912, "trade_id": "236961782", "timestamp": 1669780142382, "tick_direction": 3, "price": 0.096, "mark_price": 0.09585343, "iv": 60.24, "instrument_name": "BTC-30DEC22-16000-C", "index_price": 16876.03, "direction": "sell", "amount": 0.2}, {"trade_seq": 911, "trade_id": "236961781", "timestamp": 1669780142360, "tick_direction": 2, "price": 0.096, "mark_price": 0.09585343, "iv": 60.24, "instrument_name": "BTC-30DEC22-16000-C", "index_price": 16876.03, "direction": "sell", "amount": 0.4}, {"trade_seq": 910, "trade_id": "236961724", "timestamp": 1669780085405, "tick_direction": 2, "price": 0.0965, "mark_price": 0.09615732, "iv": 60.46, "instrument_name": "BTC-30DEC22-16000-C", "index_price": 16887.22, "direction": "sell", "amount": 1.0}, {"trade_seq": 909, "trade_id": "236961647", "timestamp": 1669780022798, "tick_direction": 3, "price": 0.097, "mark_price": 0.09644851, "iv": 60.68, "instrument_name": "BTC-30DEC22-16000-C", "index_price": 16893.66, "direction": "sell", "amount": 1.0}, {"trade_seq": 908, "trade_id": "236961515", "timestamp": 1669779962679, "tick_direction": 3, "price": 0.097, "mark_price": 0.09656261, "iv": 60.56, "instrument_name": "BTC-30DEC22-16000-C", "index_price": 16894.47, "direction": "sell", "amount": 1.0}, {"trade_seq": 907, "trade_id": "236961457", "timestamp": 1669779908765, "tick_direction": 3, "price": 0.097, "mark_price": 0.09669131, "iv": 60.48, "instrument_name": "BTC-30DEC22-16000-C", "index_price": 16898.4, "direction": "sell", "amount": 0.1}, {"trade_seq": 906, "trade_id": "236961456", "timestamp": 1669779908765, "tick_direction": 3, "price": 0.097, "mark_price": 0.09669131, "iv": 60.48, "instrument_name": "BTC-30DEC22-16000-C", "index_price": 16898.4, "direction": "sell", "amount": 0.8}, {"trade_seq": 905, "trade_id": "236961445", "timestamp": 1669779903954, "tick_direction": 3, "price": 0.097, "mark_price": 0.0967093, "iv": 60.46, "instrument_name": "BTC-30DEC22-16000-C", "index_price": 16899.09, "direction": "sell", "amount": 0.1}, {"trade_seq": 904, "trade_id": "236961443", "timestamp": 1669779903613, "tick_direction": 3, "price": 0.097, "mark_price": 0.09671472, "iv": 60.47, "instrument_name": "BTC-30DEC22-16000-C", "index_price": 16899.09, "direction": "sell", "amount": 0.1}, {"trade_seq": 903, "trade_id": "236961410", "timestamp": 1669779843260, "tick_direction": 3, "price": 0.097, "mark_price": 0.09668365, "iv": 60.5, "instrument_name": "BTC-30DEC22-16000-C", "index_price": 16896.09, "direction": "sell", "amount": 1.0}, {"trade_seq": 902, "trade_id": "236961389", "timestamp": 1669779783301, "tick_direction": 2, "price": 0.097, "mark_price": 0.09656953, "iv": 60.63, "instrument_name": "BTC-30DEC22-16000-C", "index_price": 16891.72, "direction": "sell", "amount": 1.0}, {"trade_seq": 901, "trade_id": "236959000", "timestamp": 1669776066739, "tick_direction": 1, "price": 0.1015, "mark_price": 0.10098026, "iv": 61.07, "instrument_name": "BTC-30DEC22-16000-C", "index_price": 17013.75, "direction": "sell", "amount": 0.2}, {"trade_seq": 900, "trade_id": "236958999", "timestamp": 1669776066739, "tick_direction": 0, "price": 0.1015, "mark_price": 0.10098026, "iv": 61.07, "instrument_name": "BTC-30DEC22-16000-C", "index_price": 17013.75, "direction": "sell", "amount": 1.0}, {"trade_seq": 899, "trade_id": "236956172", "timestamp": 1669774813705, "tick_direction": 0, "price": 0.1, "mark_price": 0.09940172, "iv": 60.57, "instrument_name": "BTC-30DEC22-16000-C", "index_price": 16979.92, "direction": "buy", "amount": 0.2}, {"trade_seq": 898, "trade_id": "236948954", "timestamp": 1669770064593, "tick_direction": 0, "price": 0.096, "mark_price": 0.09555032, "iv": 60.24, "instrument_name": "BTC-30DEC22-16000-C", "index_price": 16876.51, "direction": "sell", "amount": 0.5}, {"trade_seq": 897, "trade_id": "236946226", "timestamp": 1669769049413, "tick_direction": 0, "price": 0.0935, "mark_price": 0.09380668, "iv": 58.85, "instrument_name": "BTC-30DEC22-16000-C", "index_price": 16837.09, "direction": "sell", "amount": 0.2}, {"trade_seq": 896, "trade_id": "236945261", "timestamp": 1669768986999, "tick_direction": 0, "price": 0.093, "mark_price": 0.09282364, "iv": 59.14, "instrument_name": "BTC-30DEC22-16000-C", "index_price": 16816.28, "direction": "sell", "amount": 1.0}, {"trade_seq": 895, "trade_id": "236922231", "timestamp": 1669734595373, "tick_direction": 2, "price": 0.0785, "mark_price": 0.07937447, "iv": 58.91, "instrument_name": "BTC-30DEC22-16000-C", "index_price": 16378.76, "direction": "sell", "amount": 0.8}, {"trade_seq": 894, "trade_id": "236918599", "timestamp": 1669732303738, "tick_direction": 2, "price": 0.079, "mark_price": 0.07893895, "iv": 59.75, "instrument_name": "BTC-30DEC22-16000-C", "index_price": 16366.84, "direction": "buy", "amount": 1.5}, {"trade_seq": 893, "trade_id": "236916995", "timestamp": 1669730674945, "tick_direction": 3, "price": 0.08, "mark_price": 0.08022575, "iv": 59.54, "instrument_name": "BTC-30DEC22-16000-C", "index_price": 16398.55, "direction": "sell", "amount": 0.1}, {"trade_seq": 892, "trade_id": "236916994", "timestamp": 1669730674934, "tick_direction": 2, "price": 0.08, "mark_price": 0.08022575, "iv": 59.54, "instrument_name": "BTC-30DEC22-16000-C", "index_price": 16398.55, "direction": "sell", "amount": 0.1}, {"trade_seq": 891, "trade_id": "236910730", "timestamp": 1669719346453, "tick_direction": 2, "price": 0.0845, "mark_price": 0.08439136, "iv": 60.21, "instrument_name": "BTC-30DEC22-16000-C", "index_price": 16506.94, "direction": "sell", "amount": 0.2}, {"trade_seq": 890, "trade_id": "236907257", "timestamp": 1669712446377, "tick_direction": 0, "price": 0.085, "mark_price": 0.084186, "iv": 60.91, "instrument_name": "BTC-30DEC22-16000-C", "index_price": 16491.75, "direction": "buy", "amount": 0.1}, {"trade_seq": 889, "trade_id": "236907089", "timestamp": 1669712167506, "tick_direction": 2, "price": 0.084, "mark_price": 0.08418756, "iv": 59.99, "instrument_name": "BTC-30DEC22-16000-C", "index_price": 16486.34, "direction": "sell", "amount": 0.1}, {"trade_seq": 888, "trade_id": "236905970", "timestamp": 1669711555998, "tick_direction": 1, "price": 0.0845, "mark_price": 0.08479981, "iv": 60.04, "instrument_name": "BTC-30DEC22-16000-C", "index_price": 16503.61, "direction": "sell", "amount": 0.1}, {"trade_seq": 887, "trade_id": "236905914", "timestamp": 1669711545447, "tick_direction": 1, "price": 0.0845, "mark_price": 0.08495146, "iv": 59.96, "instrument_name": "BTC-30DEC22-16000-C", "index_price": 16508.81, "direction": "sell", "amount": 0.1}, {"trade_seq": 886, "trade_id": "236904332", "timestamp": 1669710697057, "tick_direction": 0, "price": 0.0845, "mark_price": 0.08420904, "iv": 60.71, "instrument_name": "BTC-30DEC22-16000-C", "index_price": 16483.86, "direction": "sell", "amount": 0.2}, {"trade_seq": 885, "trade_id": "236901494", "timestamp": 1669708385338, "tick_direction": 3, "price": 0.0835, "mark_price": 0.08368328, "iv": 60.58, "instrument_name": "BTC-30DEC22-16000-C", "index_price": 16456.81, "direction": "sell", "amount": 0.1}, {"trade_seq": 884, "trade_id": "236900008", "timestamp": 1669707117506, "tick_direction": 3, "price": 0.0835, "mark_price": 0.08372376, "iv": 60.34, "instrument_name": "BTC-30DEC22-16000-C", "index_price": 16462.15, "direction": "sell", "amount": 0.1}, {"trade_seq": 883, "trade_id": "236900006", "timestamp": 1669707117482, "tick_direction": 3, "price": 0.0835, "mark_price": 0.08372376, "iv": 60.34, "instrument_name": "BTC-30DEC22-16000-C", "index_price": 16462.15, "direction": "sell", "amount": 0.1}, {"trade_seq": 882, "trade_id": "236900005", "timestamp": 1669707117457, "tick_direction": 2, "price": 0.0835, "mark_price": 0.08372376, "iv": 60.34, "instrument_name": "BTC-30DEC22-16000-C", "index_price": 16462.15, "direction": "sell", "amount": 0.2}, {"trade_seq": 881, "trade_id": "236899729", "timestamp": 1669706627227, "tick_direction": 1, "price": 0.084, "mark_price": 0.08429447, "iv": 60.18, "instrument_name": "BTC-30DEC22-16000-C", "index_price": 16477.55, "direction": "sell", "amount": 0.1}, {"trade_seq": 880, "trade_id": "236899547", "timestamp": 1669706356073, "tick_direction": 1, "price": 0.084, "mark_price": 0.08422802, "iv": 60.17, "instrument_name": "BTC-30DEC22-16000-C", "index_price": 16479.52, "direction": "sell", "amount": 0.1}, {"trade_seq": 879, "trade_id": "236899261", "timestamp": 1669705755886, "tick_direction": 0, "price": 0.084, "mark_price": 0.08407654, "iv": 60.14, "instrument_name": "BTC-30DEC22-16000-C", "index_price": 16476.7, "direction": "sell", "amount": 0.1}, {"trade_seq": 878, "trade_id": "236897464", "timestamp": 1669702723386, "tick_direction": 3, "price": 0.083, "mark_price": 0.08332157, "iv": 59.84, "instrument_name": "BTC-30DEC22-16000-C", "index_price": 16457.1, "direction": "sell", "amount": 0.1}, {"trade_seq": 877, "trade_id": "236897442", "timestamp": 1669702710187, "tick_direction": 3, "price": 0.083, "mark_price": 0.08346854, "iv": 59.72, "instrument_name": "BTC-30DEC22-16000-C", "index_price": 16460.74, "direction": "sell", "amount": 0.1}, {"trade_seq": 876, "trade_id": "236897293", "timestamp": 1669702461491, "tick_direction": 3, "price": 0.083, "mark_price": 0.08370016, "iv": 59.64, "instrument_name": "BTC-30DEC22-16000-C", "index_price": 16467.43, "direction": "sell", "amount": 0.1}, {"trade_seq": 875, "trade_id": "236897283", "timestamp": 1669702456338, "tick_direction": 2, "price": 0.083, "mark_price": 0.0839264, "iv": 59.43, "instrument_name": "BTC-30DEC22-16000-C", "index_price": 16471.02, "direction": "sell", "amount": 0.1}, {"trade_seq": 874, "trade_id": "236897182", "timestamp": 1669702417588, "tick_direction": 3, "price": 0.0835, "mark_price": 0.0842086, "iv": 59.6, "instrument_name": "BTC-30DEC22-16000-C", "index_price": 16480.9, "direction": "sell", "amount": 0.1}, {"trade_seq": 873, "trade_id": "236897181", "timestamp": 1669702417575, "tick_direction": 3, "price": 0.0835, "mark_price": 0.0842086, "iv": 59.6, "instrument_name": "BTC-30DEC22-16000-C", "index_price": 16480.9, "direction": "sell", "amount": 0.1}, {"trade_seq": 872, "trade_id": "236897179", "timestamp": 1669702416686, "tick_direction": 3, "price": 0.0835, "mark_price": 0.08415219, "iv": 59.61, "instrument_name": "BTC-30DEC22-16000-C", "index_price": 16480.54, "direction": "sell", "amount": 0.1}, {"trade_seq": 871, "trade_id": "236897177", "timestamp": 1669702416653, "tick_direction": 3, "price": 0.0835, "mark_price": 0.08415219, "iv": 59.67, "instrument_name": "BTC-30DEC22-16000-C", "index_price": 16480.54, "direction": "sell", "amount": 0.1}, {"trade_seq": 870, "trade_id": "236895198", "timestamp": 1669700074560, "tick_direction": 2, "price": 0.0835, "mark_price": 0.08407345, "iv": 60.25, "instrument_name": "BTC-30DEC22-16000-C", "index_price": 16462.06, "direction": "sell", "amount": 0.1}, {"trade_seq": 869, "trade_id": "236894194", "timestamp": 1669699034405, "tick_direction": 0, "price": 0.0865, "mark_price": 0.08619324, "iv": 61.84, "instrument_name": "BTC-30DEC22-16000-C", "index_price": 16503.44, "direction": "sell", "amount": 0.3}, {"trade_seq": 868, "trade_id": "236890914", "timestamp": 1669697146105, "tick_direction": 1, "price": 0.0845, "mark_price": 0.08446672, "iv": 61.57, "instrument_name": "BTC-30DEC22-16000-C", "index_price": 16447.36, "direction": "sell", "amount": 0.1}, {"trade_seq": 867, "trade_id": "236890909", "timestamp": 1669697145618, "tick_direction": 1, "price": 0.0845, "mark_price": 0.08446505, "iv": 61.57, "instrument_name": "BTC-30DEC22-16000-C", "index_price": 16450.55, "direction": "sell", "amount": 0.1}, {"trade_seq": 866, "trade_id": "236890908", "timestamp": 1669697145607, "tick_direction": 1, "price": 0.0845, "mark_price": 0.08446505, "iv": 61.57, "instrument_name": "BTC-30DEC22-16000-C", "index_price": 16450.55, "direction": "sell", "amount": 0.1}, {"trade_seq": 865, "trade_id": "236890907", "timestamp": 1669697145589, "tick_direction": 1, "price": 0.0845, "mark_price": 0.08446505, "iv": 61.57, "instrument_name": "BTC-30DEC22-16000-C", "index_price": 16450.55, "direction": "sell", "amount": 0.1}, {"trade_seq": 864, "trade_id": "236890906", "timestamp": 1669697145569, "tick_direction": 1, "price": 0.0845, "mark_price": 0.08446505, "iv": 61.57, "instrument_name": "BTC-30DEC22-16000-C", "index_price": 16450.55, "direction": "sell", "amount": 0.1}, {"trade_seq": 863, "trade_id": "236890828", "timestamp": 1669697138935, "tick_direction": 1, "price": 0.0845, "mark_price": 0.08424947, "iv": 61.76, "instrument_name": "BTC-30DEC22-16000-C", "index_price": 16445.35, "direction": "sell", "amount": 0.1}, {"trade_seq": 862, "trade_id": "236890827", "timestamp": 1669697138924, "tick_direction": 1, "price": 0.0845, "mark_price": 0.08424947, "iv": 61.76, "instrument_name": "BTC-30DEC22-16000-C", "index_price": 16445.35, "direction": "sell", "amount": 0.2}, {"trade_seq": 861, "trade_id": "236890826", "timestamp": 1669697138224, "tick_direction": 1, "price": 0.0845, "mark_price": 0.08425969, "iv": 61.76, "instrument_name": "BTC-30DEC22-16000-C", "index_price": 16444.39, "direction": "sell", "amount": 0.1}, {"trade_seq": 860, "trade_id": "236890825", "timestamp": 1669697138198, "tick_direction": 0, "price": 0.0845, "mark_price": 0.08425969, "iv": 61.76, "instrument_name": "BTC-30DEC22-16000-C", "index_price": 16444.39, "direction": "sell", "amount": 0.1}, {"trade_seq": 859, "trade_id": "236889234", "timestamp": 1669696106110, "tick_direction": 1, "price": 0.0835, "mark_price": 0.08314961, "iv": 61.76, "instrument_name": "BTC-30DEC22-16000-C", "index_price": 16413.79, "direction": "sell", "amount": 4.7}, {"trade_seq": 858, "trade_id": "236889117", "timestamp": 1669696092155, "tick_direction": 0, "price": 0.0835, "mark_price": 0.08306779, "iv": 61.83, "instrument_name": "BTC-30DEC22-16000-C", "index_price": 16411.21, "direction": "sell", "amount": 5.4}, {"trade_seq": 857, "trade_id": "236889032", "timestamp": 1669696084789, "tick_direction": 1, "price": 0.083, "mark_price": 0.08289669, "iv": 61.54, "instrument_name": "BTC-30DEC22-16000-C", "index_price": 16403.71, "direction": "sell", "amount": 0.2}, {"trade_seq": 856, "trade_id": "236889031", "timestamp": 1669696084781, "tick_direction": 1, "price": 0.083, "mark_price": 0.08289669, "iv": 61.54, "instrument_name": "BTC-30DEC22-16000-C", "index_price": 16403.71, "direction": "sell", "amount": 0.2}, {"trade_seq": 855, "trade_id": "236889030", "timestamp": 1669696084757, "tick_direction": 0, "price": 0.083, "mark_price": 0.08289669, "iv": 61.54, "instrument_name": "BTC-30DEC22-16000-C", "index_price": 16403.71, "direction": "sell", "amount": 1.3}, {"trade_seq": 854, "trade_id": "236888775", "timestamp": 1669696071492, "tick_direction": 0, "price": 0.0825, "mark_price": 0.0821508, "iv": 61.74, "instrument_name": "BTC-30DEC22-16000-C", "index_price": 16384.79, "direction": "buy", "amount": 0.5}, {"trade_seq": 853, "trade_id": "236884370", "timestamp": 1669693042692, "tick_direction": 2, "price": 0.0775, "mark_price": 0.07805142, "iv": 60.79, "instrument_name": "BTC-30DEC22-16000-C", "index_price": 16265.39, "direction": "sell", "amount": 0.3}, {"trade_seq": 852, "trade_id": "236881318", "timestamp": 1669686419355, "tick_direction": 0, "price": 0.0785, "mark_price": 0.07890803, "iv": 60.9, "instrument_name": "BTC-30DEC22-16000-C", "index_price": 16288.64, "direction": "buy", "amount": 15.0}, {"trade_seq": 851, "trade_id": "236877592", "timestamp": 1669680743544, "tick_direction": 2, "price": 0.0745, "mark_price": 0.07437405, "iv": 60.71, "instrument_name": "BTC-30DEC22-16000-C", "index_price": 16170.76, "direction": "buy", "amount": 1.7}, {"trade_seq": 850, "trade_id": "236857618", "timestamp": 1669654292045, "tick_direction": 0, "price": 0.0751, "mark_price": 0.07595607, "iv": 60.91, "instrument_name": "BTC-30DEC22-16000-C", "index_price": 16177.8, "direction": "sell", "block_trade_id": "57644", "amount": 50.0}, {"trade_seq": 849, "trade_id": "236853533", "timestamp": 1669652357911, "tick_direction": 2, "price": 0.0715, "mark_price": 0.07208539, "iv": 60.98, "instrument_name": "BTC-30DEC22-16000-C", "index_price": 16047.91, "direction": "sell", "amount": 0.1}, {"trade_seq": 848, "trade_id": "236851877", "timestamp": 1669651590254, "tick_direction": 2, "price": 0.0725, "mark_price": 0.07242816, "iv": 61.11, "instrument_name": "BTC-30DEC22-16000-C", "index_price": 16083.49, "direction": "buy", "amount": 2.2}, {"trade_seq": 847, "trade_id": "236848418", "timestamp": 1669649012540, "tick_direction": 2, "price": 0.0734, "mark_price": 0.07382893, "iv": 60.26, "instrument_name": "BTC-30DEC22-16000-C", "index_price": 16146.47, "direction": "sell", "combo_id": "BTC-CDIAG-30DEC22_16DEC22-16000_16500", "block_trade_id": "57630", "amount": 12.5}, {"trade_seq": 846, "trade_id": "236842641", "timestamp": 1669645434782, "tick_direction": 2, "price": 0.0739, "mark_price": 0.07469528, "iv": 60.05, "instrument_name": "BTC-30DEC22-16000-C", "index_price": 16175.38, "direction": "sell", "combo_id": "BTC-CDIAG-30DEC22_16DEC22-16000_16500", "block_trade_id": "57616", "amount": 12.5}, {"trade_seq": 845, "trade_id": "236841846", "timestamp": 1669643838683, "tick_direction": 2, "price": 0.0748, "mark_price": 0.07518674, "iv": 60.59, "instrument_name": "BTC-30DEC22-16000-C", "index_price": 16182.38, "direction": "sell", "combo_id": "BTC-CDIAG-30DEC22_16DEC22-16000_16500", "block_trade_id": "57613", "amount": 13.0}, {"trade_seq": 844, "trade_id": "236841101", "timestamp": 1669642330854, "tick_direction": 3, "price": 0.075, "mark_price": 0.07556985, "iv": 61.05, "instrument_name": "BTC-30DEC22-16000-C", "index_price": 16174.04, "direction": "sell", "amount": 15.0}, {"trade_seq": 843, "trade_id": "236840621", "timestamp": 1669641641391, "tick_direction": 2, "price": 0.075, "mark_price": 0.07561874, "iv": 61.15, "instrument_name": "BTC-30DEC22-16000-C", "index_price": 16164.86, "direction": "buy", "amount": 2.0}, {"trade_seq": 842, "trade_id": "236840231", "timestamp": 1669640519727, "tick_direction": 2, "price": 0.0756, "mark_price": 0.07609311, "iv": 61.3, "instrument_name": "BTC-30DEC22-16000-C", "index_price": 16175.39, "direction": "sell", "combo_id": "BTC-CDIAG-30DEC22_16DEC22-16000_16500", "block_trade_id": "57602", "amount": 25.0}, {"trade_seq": 841, "trade_id": "236838089", "timestamp": 1669635903395, "tick_direction": 1, "price": 0.077, "mark_price": 0.07702009, "iv": 62.0, "instrument_name": "BTC-30DEC22-16000-C", "index_price": 16195.05, "direction": "sell", "amount": 5.0}, {"trade_seq": 840, "trade_id": "236838061", "timestamp": 1669635842463, "tick_direction": 1, "price": 0.077, "mark_price": 0.077063, "iv": 61.97, "instrument_name": "BTC-30DEC22-16000-C", "index_price": 16196.33, "direction": "sell", "amount": 5.0}, {"trade_seq": 839, "trade_id": "236838026", "timestamp": 1669635696305, "tick_direction": 0, "price": 0.077, "mark_price": 0.07694616, "iv": 62.08, "instrument_name": "BTC-30DEC22-16000-C", "index_price": 16199.02, "direction": "sell", "amount": 2.0}, {"trade_seq": 838, "trade_id": "236833743", "timestamp": 1669627409873, "tick_direction": 3, "price": 0.076, "mark_price": 0.0764687, "iv": 61.33, "instrument_name": "BTC-30DEC22-16000-C", "index_price": 16207.41, "direction": "buy", "amount": 0.6}, {"trade_seq": 837, "trade_id": "236833742", "timestamp": 1669627409872, "tick_direction": 2, "price": 0.076, "mark_price": 0.0764687, "iv": 61.33, "instrument_name": "BTC-30DEC22-16000-C", "index_price": 16207.41, "direction": "buy", "amount": 0.4}, {"trade_seq": 836, "trade_id": "236830027", "timestamp": 1669622441204, "tick_direction": 0, "price": 0.078, "mark_price": 0.0784732, "iv": 62.35, "instrument_name": "BTC-30DEC22-16000-C", "index_price": 16223.0, "direction": "buy", "amount": 0.3}, {"trade_seq": 835, "trade_id": "236822940", "timestamp": 1669605334566, "tick_direction": 1, "price": 0.079, "mark_price": 0.07903756, "iv": 64.79, "instrument_name": "BTC-30DEC22-16000-C", "index_price": 16160.49, "direction": "buy", "amount": 5.2}, {"trade_seq": 834, "trade_id": "236822824", "timestamp": 1669605131417, "tick_direction": 0, "price": 0.079, "mark_price": 0.07867217, "iv": 65.07, "instrument_name": "BTC-30DEC22-16000-C", "index_price": 16146.94, "direction": "buy", "amount": 4.5}, {"trade_seq": 833, "trade_id": "236818659", "timestamp": 1669600989017, "tick_direction": 3, "price": 0.0755, "mark_price": 0.07554621, "iv": 63.96, "instrument_name": "BTC-30DEC22-16000-C", "index_price": 16070.98, "direction": "buy", "amount": 0.5}, {"trade_seq": 832, "trade_id": "236818658", "timestamp": 1669600989015, "tick_direction": 2, "price": 0.0755, "mark_price": 0.07554621, "iv": 63.96, "instrument_name": "BTC-30DEC22-16000-C", "index_price": 16070.98, "direction": "sell", "amount": 0.5}, {"trade_seq": 831, "trade_id": "236818484", "timestamp": 1669600951281, "tick_direction": 2, "price": 0.076, "mark_price": 0.07543786, "iv": 64.52, "instrument_name": "BTC-30DEC22-16000-C", "index_price": 16069.67, "direction": "buy", "amount": 1.4}, {"trade_seq": 830, "trade_id": "236817634", "timestamp": 1669600540229, "tick_direction": 0, "price": 0.0775, "mark_price": 0.07720366, "iv": 64.06, "instrument_name": "BTC-30DEC22-16000-C", "index_price": 16130.02, "direction": "buy", "amount": 1.0}, {"trade_seq": 829, "trade_id": "236817018", "timestamp": 1669599958611, "tick_direction": 0, "price": 0.0765, "mark_price": 0.07620186, "iv": 63.54, "instrument_name": "BTC-30DEC22-16000-C", "index_price": 16109.91, "direction": "buy", "amount": 1.0}, {"trade_seq": 828, "trade_id": "236816109", "timestamp": 1669599472440, "tick_direction": 3, "price": 0.0755, "mark_price": 0.07570283, "iv": 62.7, "instrument_name": "BTC-30DEC22-16000-C", "index_price": 16112.71, "direction": "buy", "amount": 0.6}, {"trade_seq": 827, "trade_id": "236816108", "timestamp": 1669599472438, "tick_direction": 2, "price": 0.0755, "mark_price": 0.07570283, "iv": 62.7, "instrument_name": "BTC-30DEC22-16000-C", "index_price": 16112.71, "direction": "sell", "amount": 0.4}, {"trade_seq": 826, "trade_id": "236815172", "timestamp": 1669599304125, "tick_direction": 2, "price": 0.0775, "mark_price": 0.07738605, "iv": 62.97, "instrument_name": "BTC-30DEC22-16000-C", "index_price": 16170.86, "direction": "buy", "amount": 10.0}, {"trade_seq": 825, "trade_id": "236801950", "timestamp": 1669571594777, "tick_direction": 0, "price": 0.088, "mark_price": 0.08740319, "iv": 61.54, "instrument_name": "BTC-30DEC22-16000-C", "index_price": 16522.11, "direction": "buy", "amount": 2.6}, {"trade_seq": 824, "trade_id": "236792818", "timestamp": 1669544074173, "tick_direction": 2, "price": 0.085, "mark_price": 0.08563112, "iv": 59.15, "instrument_name": "BTC-30DEC22-16000-C", "index_price": 16520.06, "direction": "sell", "amount": 0.1}, {"trade_seq": 823, "trade_id": "236789329", "timestamp": 1669531944156, "tick_direction": 0, "price": 0.087, "mark_price": 0.0873387, "iv": 60.31, "instrument_name": "BTC-30DEC22-16000-C", "index_price": 16551.51, "direction": "buy", "amount": 0.8}, {"trade_seq": 822, "trade_id": "236779703", "timestamp": 1669494760668, "tick_direction": 3, "price": 0.0865, "mark_price": 0.08571078, "iv": 61.56, "instrument_name": "BTC-30DEC22-16000-C", "index_price": 16487.21, "direction": "sell", "amount": 0.3}, {"trade_seq": 821, "trade_id": "236779702", "timestamp": 1669494760667, "tick_direction": 3, "price": 0.0865, "mark_price": 0.08571078, "iv": 61.56, "instrument_name": "BTC-30DEC22-16000-C", "index_price": 16487.21, "direction": "sell", "amount": 0.7}, {"trade_seq": 820, "trade_id": "236779696", "timestamp": 1669494732292, "tick_direction": 2, "price": 0.0865, "mark_price": 0.08572821, "iv": 61.54, "instrument_name": "BTC-30DEC22-16000-C", "index_price": 16487.45, "direction": "sell", "amount": 1.0}, {"trade_seq": 819, "trade_id": "236764957", "timestamp": 1669451941765, "tick_direction": 2, "price": 0.087, "mark_price": 0.08654071, "iv": 59.4, "instrument_name": "BTC-30DEC22-16000-C", "index_price": 16573.21, "direction": "buy", "amount": 3.2}, {"trade_seq": 818, "trade_id": "236750348", "timestamp": 1669419463691, "tick_direction": 3, "price": 0.0875, "mark_price": 0.08830411, "iv": 59.81, "instrument_name": "BTC-30DEC22-16000-C", "index_price": 16532.45, "direction": "sell", "amount": 0.1}, {"trade_seq": 817, "trade_id": "236750347", "timestamp": 1669419463682, "tick_direction": 3, "price": 0.0875, "mark_price": 0.08830411, "iv": 59.81, "instrument_name": "BTC-30DEC22-16000-C", "index_price": 16532.45, "direction": "sell", "amount": 0.1}, {"trade_seq": 816, "trade_id": "236750346", "timestamp": 1669419463667, "tick_direction": 3, "price": 0.0875, "mark_price": 0.08830411, "iv": 59.81, "instrument_name": "BTC-30DEC22-16000-C", "index_price": 16532.45, "direction": "sell", "amount": 0.2}, {"trade_seq": 815, "trade_id": "236750344", "timestamp": 1669419460292, "tick_direction": 3, "price": 0.0875, "mark_price": 0.08835852, "iv": 59.77, "instrument_name": "BTC-30DEC22-16000-C", "index_price": 16534.03, "direction": "sell", "amount": 0.1}, {"trade_seq": 814, "trade_id": "236750343", "timestamp": 1669419460274, "tick_direction": 2, "price": 0.0875, "mark_price": 0.08835852, "iv": 59.77, "instrument_name": "BTC-30DEC22-16000-C", "index_price": 16534.03, "direction": "sell", "amount": 0.1}, {"trade_seq": 813, "trade_id": "236737062", "timestamp": 1669388063091, "tick_direction": 0, "price": 0.09, "mark_price": 0.08995027, "iv": 62.22, "instrument_name": "BTC-30DEC22-16000-C", "index_price": 16519.63, "direction": "buy", "amount": 0.5}, {"trade_seq": 812, "trade_id": "236735162", "timestamp": 1669385009028, "tick_direction": 0, "price": 0.0895, "mark_price": 0.08853005, "iv": 63.24, "instrument_name": "BTC-30DEC22-16000-C", "index_price": 16464.87, "direction": "sell", "amount": 0.6}, {"trade_seq": 811, "trade_id": "236735075", "timestamp": 1669384942317, "tick_direction": 3, "price": 0.089, "mark_price": 0.08836402, "iv": 62.96, "instrument_name": "BTC-30DEC22-16000-C", "index_price": 16456.12, "direction": "sell", "amount": 1.4}, {"trade_seq": 810, "trade_id": "236735073", "timestamp": 1669384942217, "tick_direction": 3, "price": 0.089, "mark_price": 0.08836402, "iv": 62.96, "instrument_name": "BTC-30DEC22-16000-C", "index_price": 16456.12, "direction": "sell", "amount": 0.1}, {"trade_seq": 809, "trade_id": "236735072", "timestamp": 1669384942190, "tick_direction": 3, "price": 0.089, "mark_price": 0.08836402, "iv": 62.96, "instrument_name": "BTC-30DEC22-16000-C", "index_price": 16456.12, "direction": "sell", "amount": 0.1}, {"trade_seq": 808, "trade_id": "236735066", "timestamp": 1669384941689, "tick_direction": 3, "price": 0.089, "mark_price": 0.08840887, "iv": 62.96, "instrument_name": "BTC-30DEC22-16000-C", "index_price": 16457.63, "direction": "sell", "amount": 0.1}, {"trade_seq": 807, "trade_id": "236735063", "timestamp": 1669384941349, "tick_direction": 3, "price": 0.089, "mark_price": 0.08840887, "iv": 62.96, "instrument_name": "BTC-30DEC22-16000-C", "index_price": 16457.63, "direction": "sell", "amount": 0.1}