{"trades": [{"trade_seq": 4528, "trade_id": "138798308", "timestamp": 1616684807561, "tick_direction": 2, "price": 0.447, "mark_price": 0.45010293, "iv": 0.0, "instrument_name": "BTC-26MAR21-28000-C", "index_price": 50819.56, "direction": "sell", "amount": 0.1}, {"trade_seq": 4527, "trade_id": "138543691", "timestamp": 1616632558954, "tick_direction": 2, "price": 0.4675, "mark_price": 0.46692599, "iv": 442.32, "instrument_name": "BTC-26MAR21-28000-C", "index_price": 52384.96, "direction": "sell", "amount": 0.1}, {"trade_seq": 4526, "trade_id": "138257781", "timestamp": 1616591438554, "tick_direction": 0, "price": 0.51, "mark_price": 0.50729572, "iv": 500.0, "instrument_name": "BTC-26MAR21-28000-C", "index_price": 56802.85, "direction": "sell", "amount": 1.0}, {"trade_seq": 4525, "trade_id": "138188842", "timestamp": 1616572904132, "tick_direction": 1, "price": 0.497, "mark_price": 0.49734247, "iv": 0.0, "instrument_name": "BTC-26MAR21-28000-C", "index_price": 55701.16, "direction": "buy", "amount": 2.4}, {"trade_seq": 4524, "trade_id": "138188835", "timestamp": 1616572903615, "tick_direction": 0, "price": 0.497, "mark_price": 0.49721953, "iv": 0.0, "instrument_name": "BTC-26MAR21-28000-C", "index_price": 55695.14, "direction": "buy", "amount": 1.9}, {"trade_seq": 4523, "trade_id": "138124398", "timestamp": 1616556593665, "tick_direction": 3, "price": 0.4855, "mark_price": 0.48642779, "iv": 0.0, "instrument_name": "BTC-26MAR21-28000-C", "index_price": 54454.05, "direction": "buy", "amount": 0.3}, {"trade_seq": 4522, "trade_id": "138080717", "timestamp": 1616543108926, "tick_direction": 2, "price": 0.4855, "mark_price": 0.48654092, "iv": 0.0, "instrument_name": "BTC-26MAR21-28000-C", "index_price": 54487.29, "direction": "sell", "amount": 0.7}, {"trade_seq": 4521, "trade_id": "137708925", "timestamp": 1616431147523, "tick_direction": 2, "price": 0.507, "mark_price": 0.50376804, "iv": 377.3, "instrument_name": "BTC-26MAR21-28000-C", "index_price": 56324.89, "direction": "buy", "amount": 2.0}, {"trade_seq": 4520, "trade_id": "137689023", "timestamp": 1616423595892, "tick_direction": 1, "price": 0.51, "mark_price": 0.50991825, "iv": 250.98, "instrument_name": "BTC-26MAR21-28000-C", "index_price": 57047.25, "direction": "sell", "amount": 0.1}, {"trade_seq": 4519, "trade_id": "137689018", "timestamp": 1616423595814, "tick_direction": 0, "price": 0.51, "mark_price": 0.50991825, "iv": 250.98, "instrument_name": "BTC-26MAR21-28000-C", "index_price": 57047.25, "direction": "sell", "amount": 0.4}, {"trade_seq": 4518, "trade_id": "137463543", "timestamp": 1616315520395, "tick_direction": 2, "price": 0.5085, "mark_price": 0.51138893, "iv": 0.0, "instrument_name": "BTC-26MAR21-28000-C", "index_price": 57179.76, "direction": "sell", "amount": 0.1}, {"trade_seq": 4517, "trade_id": "137214021", "timestamp": 1616184329866, "tick_direction": 0, "price": 0.5275, "mark_price": 0.52613266, "iv": 265.29, "instrument_name": "BTC-26MAR21-28000-C", "index_price": 58825.97, "direction": "sell", "amount": 1.0}, {"trade_seq": 4516, "trade_id": "137194226", "timestamp": 1616170134066, "tick_direction": 1, "price": 0.527, "mark_price": 0.52653935, "iv": 225.52, "instrument_name": "BTC-26MAR21-28000-C", "index_price": 58885.61, "direction": "sell", "amount": 0.9}, {"trade_seq": 4515, "trade_id": "137194225", "timestamp": 1616170134066, "tick_direction": 0, "price": 0.527, "mark_price": 0.52653935, "iv": 225.52, "instrument_name": "BTC-26MAR21-28000-C", "index_price": 58885.61, "direction": "sell", "amount": 0.1}, {"trade_seq": 4514, "trade_id": "137183544", "timestamp": 1616166176192, "tick_direction": 1, "price": 0.525, "mark_price": 0.52430228, "iv": 232.79, "instrument_name": "BTC-26MAR21-28000-C", "index_price": 58629.52, "direction": "sell", "amount": 0.9}, {"trade_seq": 4513, "trade_id": "137183420", "timestamp": 1616166113225, "tick_direction": 0, "price": 0.525, "mark_price": 0.52475914, "iv": 209.8, "instrument_name": "BTC-26MAR21-28000-C", "index_price": 58683.21, "direction": "sell", "amount": 0.1}, {"trade_seq": 4512, "trade_id": "137171131", "timestamp": 1616161623721, "tick_direction": 2, "price": 0.5185, "mark_price": 0.5198304, "iv": 0.0, "instrument_name": "BTC-26MAR21-28000-C", "index_price": 58092.29, "direction": "sell", "amount": 0.5}, {"trade_seq": 4511, "trade_id": "136942327", "timestamp": 1616080891653, "tick_direction": 0, "price": 0.52, "mark_price": 0.52015718, "iv": 0.0, "instrument_name": "BTC-26MAR21-28000-C", "index_price": 58114.78, "direction": "buy", "amount": 0.1}, {"trade_seq": 4510, "trade_id": "136697336", "timestamp": 1615996843211, "tick_direction": 3, "price": 0.492, "mark_price": 0.49135427, "iv": 191.03, "instrument_name": "BTC-26MAR21-28000-C", "index_price": 54892.76, "direction": "sell", "amount": 0.3}, {"trade_seq": 4509, "trade_id": "136697314", "timestamp": 1615996841733, "tick_direction": 3, "price": 0.492, "mark_price": 0.4914032, "iv": 189.4, "instrument_name": "BTC-26MAR21-28000-C", "index_price": 54899.93, "direction": "sell", "amount": 0.4}, {"trade_seq": 4508, "trade_id": "136697313", "timestamp": 1615996841692, "tick_direction": 2, "price": 0.492, "mark_price": 0.4914032, "iv": 189.4, "instrument_name": "BTC-26MAR21-28000-C", "index_price": 54899.93, "direction": "sell", "amount": 0.3}, {"trade_seq": 4507, "trade_id": "136691299", "timestamp": 1615994809497, "tick_direction": 2, "price": 0.495, "mark_price": 0.49368478, "iv": 207.94, "instrument_name": "BTC-26MAR21-28000-C", "index_price": 55120.3, "direction": "sell", "amount": 0.1}, {"trade_seq": 4506, "trade_id": "136502276", "timestamp": 1615923137626, "tick_direction": 0, "price": 0.5, "mark_price": 0.49962558, "iv": 194.56, "instrument_name": "BTC-26MAR21-28000-C", "index_price": 55658.41, "direction": "buy", "amount": 0.2}, {"trade_seq": 4505, "trade_id": "136501894", "timestamp": 1615922864206, "tick_direction": 1, "price": 0.499, "mark_price": 0.49888533, "iv": 187.33, "instrument_name": "BTC-26MAR21-28000-C", "index_price": 55571.7, "direction": "sell", "amount": 0.3}, {"trade_seq": 4504, "trade_id": "136501366", "timestamp": 1615922618048, "tick_direction": 0, "price": 0.499, "mark_price": 0.49863743, "iv": 193.55, "instrument_name": "BTC-26MAR21-28000-C", "index_price": 55544.62, "direction": "buy", "amount": 0.1}, {"trade_seq": 4503, "trade_id": "136490779", "timestamp": 1615917250787, "tick_direction": 2, "price": 0.496, "mark_price": 0.49594742, "iv": 184.1, "instrument_name": "BTC-26MAR21-28000-C", "index_price": 55232.18, "direction": "sell", "amount": 1.0}, {"trade_seq": 4502, "trade_id": "136474127", "timestamp": 1615911759286, "tick_direction": 3, "price": 0.499, "mark_price": 0.49936751, "iv": 171.96, "instrument_name": "BTC-26MAR21-28000-C", "index_price": 55602.95, "direction": "sell", "amount": 0.1}, {"trade_seq": 4501, "trade_id": "136474126", "timestamp": 1615911759000, "tick_direction": 3, "price": 0.499, "mark_price": 0.49936751, "iv": 169.59, "instrument_name": "BTC-26MAR21-28000-C", "index_price": 55615.05, "direction": "sell", "amount": 0.3}, {"trade_seq": 4500, "trade_id": "136474125", "timestamp": 1615911758797, "tick_direction": 3, "price": 0.499, "mark_price": 0.49936751, "iv": 169.59, "instrument_name": "BTC-26MAR21-28000-C", "index_price": 55615.05, "direction": "sell", "amount": 0.3}, {"trade_seq": 4499, "trade_id": "136474103", "timestamp": 1615911757231, "tick_direction": 2, "price": 0.499, "mark_price": 0.49947713, "iv": 162.88, "instrument_name": "BTC-26MAR21-28000-C", "index_price": 55620.22, "direction": "sell", "amount": 0.3}, {"trade_seq": 4498, "trade_id": "135640193", "timestamp": 1615664140552, "tick_direction": 0, "price": 0.545, "mark_price": 0.54498899, "iv": 153.06, "instrument_name": "BTC-26MAR21-28000-C", "index_price": 60582.13, "direction": "buy", "amount": 1.0}, {"trade_seq": 4497, "trade_id": "135575850", "timestamp": 1615642606151, "tick_direction": 2, "price": 0.5345, "mark_price": 0.54047677, "iv": 0.0, "instrument_name": "BTC-26MAR21-28000-C", "index_price": 59749.16, "direction": "sell", "amount": 0.1}, {"trade_seq": 4496, "trade_id": "135574306", "timestamp": 1615642028860, "tick_direction": 0, "price": 0.5355, "mark_price": 0.53986049, "iv": 0.0, "instrument_name": "BTC-26MAR21-28000-C", "index_price": 59671.41, "direction": "sell", "amount": 0.1}, {"trade_seq": 4495, "trade_id": "135573995", "timestamp": 1615641965604, "tick_direction": 2, "price": 0.5275, "mark_price": 0.54041694, "iv": 0.0, "instrument_name": "BTC-26MAR21-28000-C", "index_price": 59743.36, "direction": "sell", "amount": 0.2}, {"trade_seq": 4494, "trade_id": "135531125", "timestamp": 1615633786464, "tick_direction": 1, "price": 0.5375, "mark_price": 0.53902768, "iv": 0.0, "instrument_name": "BTC-26MAR21-28000-C", "index_price": 59659.44, "direction": "buy", "amount": 0.1}, {"trade_seq": 4493, "trade_id": "135531114", "timestamp": 1615633781812, "tick_direction": 1, "price": 0.5375, "mark_price": 0.53892578, "iv": 0.0, "instrument_name": "BTC-26MAR21-28000-C", "index_price": 59666.44, "direction": "buy", "amount": 0.1}, {"trade_seq": 4492, "trade_id": "135531113", "timestamp": 1615633781812, "tick_direction": 1, "price": 0.5375, "mark_price": 0.53892578, "iv": 0.0, "instrument_name": "BTC-26MAR21-28000-C", "index_price": 59666.44, "direction": "buy", "amount": 0.1}, {"trade_seq": 4491, "trade_id": "135531077", "timestamp": 1615633772702, "tick_direction": 1, "price": 0.5375, "mark_price": 0.53913711, "iv": 0.0, "instrument_name": "BTC-26MAR21-28000-C", "index_price": 59692.29, "direction": "buy", "amount": 0.1}, {"trade_seq": 4490, "trade_id": "135531073", "timestamp": 1615633769310, "tick_direction": 1, "price": 0.5375, "mark_price": 0.53913449, "iv": 0.0, "instrument_name": "BTC-26MAR21-28000-C", "index_price": 59685.53, "direction": "buy", "amount": 0.1}, {"trade_seq": 4489, "trade_id": "135531068", "timestamp": 1615633765931, "tick_direction": 1, "price": 0.5375, "mark_price": 0.53909201, "iv": 0.0, "instrument_name": "BTC-26MAR21-28000-C", "index_price": 59677.02, "direction": "buy", "amount": 0.1}, {"trade_seq": 4488, "trade_id": "135531063", "timestamp": 1615633762635, "tick_direction": 1, "price": 0.5375, "mark_price": 0.53892827, "iv": 0.0, "instrument_name": "BTC-26MAR21-28000-C", "index_price": 59675.56, "direction": "buy", "amount": 0.1}, {"trade_seq": 4487, "trade_id": "135531042", "timestamp": 1615633755090, "tick_direction": 1, "price": 0.5375, "mark_price": 0.53888176, "iv": 0.0, "instrument_name": "BTC-26MAR21-28000-C", "index_price": 59673.47, "direction": "buy", "amount": 0.1}, {"trade_seq": 4486, "trade_id": "135531028", "timestamp": 1615633753180, "tick_direction": 1, "price": 0.5375, "mark_price": 0.53882561, "iv": 0.0, "instrument_name": "BTC-26MAR21-28000-C", "index_price": 59650.59, "direction": "buy", "amount": 0.1}, {"trade_seq": 4485, "trade_id": "135531023", "timestamp": 1615633749170, "tick_direction": 0, "price": 0.5375, "mark_price": 0.53864409, "iv": 0.0, "instrument_name": "BTC-26MAR21-28000-C", "index_price": 59630.76, "direction": "buy", "amount": 0.1}, {"trade_seq": 4484, "trade_id": "135530940", "timestamp": 1615633731027, "tick_direction": 2, "price": 0.537, "mark_price": 0.53846987, "iv": 0.0, "instrument_name": "BTC-26MAR21-28000-C", "index_price": 59581.71, "direction": "buy", "amount": 0.1}, {"trade_seq": 4483, "trade_id": "135530924", "timestamp": 1615633729705, "tick_direction": 0, "price": 0.5375, "mark_price": 0.53845421, "iv": 0.0, "instrument_name": "BTC-26MAR21-28000-C", "index_price": 59580.6, "direction": "buy", "amount": 0.1}, {"trade_seq": 4482, "trade_id": "135530921", "timestamp": 1615633727733, "tick_direction": 3, "price": 0.537, "mark_price": 0.53843008, "iv": 0.0, "instrument_name": "BTC-26MAR21-28000-C", "index_price": 59577.18, "direction": "buy", "amount": 0.1}, {"trade_seq": 4481, "trade_id": "135530914", "timestamp": 1615633724282, "tick_direction": 3, "price": 0.537, "mark_price": 0.53840829, "iv": 0.0, "instrument_name": "BTC-26MAR21-28000-C", "index_price": 59572.91, "direction": "buy", "amount": 0.1}, {"trade_seq": 4480, "trade_id": "135530858", "timestamp": 1615633722059, "tick_direction": 3, "price": 0.537, "mark_price": 0.53839355, "iv": 0.0, "instrument_name": "BTC-26MAR21-28000-C", "index_price": 59567.05, "direction": "buy", "amount": 0.1}, {"trade_seq": 4479, "trade_id": "135530845", "timestamp": 1615633718691, "tick_direction": 2, "price": 0.537, "mark_price": 0.53843121, "iv": 0.0, "instrument_name": "BTC-26MAR21-28000-C", "index_price": 59569.58, "direction": "buy", "amount": 0.1}, {"trade_seq": 4478, "trade_id": "135530648", "timestamp": 1615633687407, "tick_direction": 0, "price": 0.5385, "mark_price": 0.53915354, "iv": 133.73, "instrument_name": "BTC-26MAR21-28000-C", "index_price": 59654.94, "direction": "sell", "amount": 0.1}, {"trade_seq": 4477, "trade_id": "135530508", "timestamp": 1615633661242, "tick_direction": 0, "price": 0.526, "mark_price": 0.53885502, "iv": 0.0, "instrument_name": "BTC-26MAR21-28000-C", "index_price": 59639.9, "direction": "buy", "amount": 0.1}, {"trade_seq": 4476, "trade_id": "135280952", "timestamp": 1615552177149, "tick_direction": 2, "price": 0.511, "mark_price": 0.50954664, "iv": 184.46, "instrument_name": "BTC-26MAR21-28000-C", "index_price": 56393.16, "direction": "buy", "block_trade_id": "9152", "amount": 128.0}, {"trade_seq": 4475, "trade_id": "135156684", "timestamp": 1615508595386, "tick_direction": 2, "price": 0.52, "mark_price": 0.51948507, "iv": 178.96, "instrument_name": "BTC-26MAR21-28000-C", "index_price": 57301.16, "direction": "sell", "amount": 0.1}, {"trade_seq": 4474, "trade_id": "135134864", "timestamp": 1615503154492, "tick_direction": 2, "price": 0.522, "mark_price": 0.52126675, "iv": 179.22, "instrument_name": "BTC-26MAR21-28000-C", "index_price": 57631.51, "direction": "sell", "amount": 0.1}, {"trade_seq": 4473, "trade_id": "135134830", "timestamp": 1615503080955, "tick_direction": 0, "price": 0.525, "mark_price": 0.52108482, "iv": 213.78, "instrument_name": "BTC-26MAR21-28000-C", "index_price": 57627.51, "direction": "sell", "amount": 0.1}, {"trade_seq": 4472, "trade_id": "135119671", "timestamp": 1615497073212, "tick_direction": 0, "price": 0.5245, "mark_price": 0.52360788, "iv": 179.56, "instrument_name": "BTC-26MAR21-28000-C", "index_price": 57894.24, "direction": "buy", "amount": 0.1}, {"trade_seq": 4471, "trade_id": "135093879", "timestamp": 1615489553988, "tick_direction": 2, "price": 0.52, "mark_price": 0.51925267, "iv": 176.34, "instrument_name": "BTC-26MAR21-28000-C", "index_price": 57423.13, "direction": "buy", "amount": 0.1}, {"trade_seq": 4470, "trade_id": "135093367", "timestamp": 1615489263160, "tick_direction": 0, "price": 0.5215, "mark_price": 0.52104488, "iv": 171.57, "instrument_name": "BTC-26MAR21-28000-C", "index_price": 57616.27, "direction": "buy", "amount": 0.1}, {"trade_seq": 4469, "trade_id": "134808600", "timestamp": 1615395318977, "tick_direction": 1, "price": 0.5135, "mark_price": 0.51407421, "iv": 128.45, "instrument_name": "BTC-26MAR21-28000-C", "index_price": 56891.99, "direction": "sell", "amount": 0.1}, {"trade_seq": 4468, "trade_id": "134808599", "timestamp": 1615395318977, "tick_direction": 0, "price": 0.5135, "mark_price": 0.51407421, "iv": 128.45, "instrument_name": "BTC-26MAR21-28000-C", "index_price": 56891.99, "direction": "sell", "amount": 0.3}, {"trade_seq": 4467, "trade_id": "134421203", "timestamp": 1615251414190, "tick_direction": 0, "price": 0.475, "mark_price": 0.4701574, "iv": 182.68, "instrument_name": "BTC-26MAR21-28000-C", "index_price": 52022.72, "direction": "sell", "amount": 0.1}, {"trade_seq": 4466, "trade_id": "134400967", "timestamp": 1615240103379, "tick_direction": 0, "price": 0.4655, "mark_price": 0.46702504, "iv": 117.75, "instrument_name": "BTC-26MAR21-28000-C", "index_price": 51729.21, "direction": "sell", "amount": 1.0}, {"trade_seq": 4465, "trade_id": "133683643", "timestamp": 1614906886864, "tick_direction": 2, "price": 0.405, "mark_price": 0.40918826, "iv": 94.79, "instrument_name": "BTC-26MAR21-28000-C", "index_price": 46563.25, "direction": "sell", "amount": 0.2}, {"trade_seq": 4464, "trade_id": "133302372", "timestamp": 1614796927206, "tick_direction": 0, "price": 0.464, "mark_price": 0.46680814, "iv": 99.1, "instrument_name": "BTC-26MAR21-28000-C", "index_price": 51416.71, "direction": "sell", "amount": 0.2}, {"trade_seq": 4463, "trade_id": "133171253", "timestamp": 1614760932758, "tick_direction": 0, "price": 0.456, "mark_price": 0.4604523, "iv": 0.0, "instrument_name": "BTC-26MAR21-28000-C", "index_price": 50756.23, "direction": "sell", "amount": 0.1}, {"trade_seq": 4462, "trade_id": "133047576", "timestamp": 1614704137695, "tick_direction": 2, "price": 0.425, "mark_price": 0.42611391, "iv": 125.31, "instrument_name": "BTC-26MAR21-28000-C", "index_price": 47780.98, "direction": "sell", "amount": 0.1}, {"trade_seq": 4461, "trade_id": "133040804", "timestamp": 1614703201847, "tick_direction": 3, "price": 0.4275, "mark_price": 0.42823949, "iv": 128.2, "instrument_name": "BTC-26MAR21-28000-C", "index_price": 47937.93, "direction": "buy", "amount": 0.1}, {"trade_seq": 4460, "trade_id": "133040801", "timestamp": 1614703201492, "tick_direction": 2, "price": 0.4275, "mark_price": 0.42823949, "iv": 128.11, "instrument_name": "BTC-26MAR21-28000-C", "index_price": 47944.02, "direction": "buy", "amount": 0.2}, {"trade_seq": 4459, "trade_id": "133040652", "timestamp": 1614703189993, "tick_direction": 0, "price": 0.429, "mark_price": 0.42872576, "iv": 132.83, "instrument_name": "BTC-26MAR21-28000-C", "index_price": 47994.3, "direction": "buy", "amount": 0.3}, {"trade_seq": 4458, "trade_id": "133037956", "timestamp": 1614703080373, "tick_direction": 2, "price": 0.4275, "mark_price": 0.42763937, "iv": 131.43, "instrument_name": "BTC-26MAR21-28000-C", "index_price": 47910.29, "direction": "buy", "amount": 0.3}, {"trade_seq": 4457, "trade_id": "133037208", "timestamp": 1614703069598, "tick_direction": 2, "price": 0.429, "mark_price": 0.43005411, "iv": 127.54, "instrument_name": "BTC-26MAR21-28000-C", "index_price": 48058.47, "direction": "buy", "amount": 0.2}, {"trade_seq": 4456, "trade_id": "133037072", "timestamp": 1614703067729, "tick_direction": 2, "price": 0.4295, "mark_price": 0.43066194, "iv": 129.29, "instrument_name": "BTC-26MAR21-28000-C", "index_price": 48097.07, "direction": "buy", "amount": 0.5}, {"trade_seq": 4455, "trade_id": "133032656", "timestamp": 1614701940208, "tick_direction": 1, "price": 0.4355, "mark_price": 0.43548744, "iv": 132.01, "instrument_name": "BTC-26MAR21-28000-C", "index_price": 48575.52, "direction": "buy", "amount": 0.2}, {"trade_seq": 4454, "trade_id": "133032654", "timestamp": 1614701940065, "tick_direction": 1, "price": 0.4355, "mark_price": 0.43548744, "iv": 132.01, "instrument_name": "BTC-26MAR21-28000-C", "index_price": 48575.52, "direction": "buy", "amount": 0.4}, {"trade_seq": 4453, "trade_id": "133032648", "timestamp": 1614701937232, "tick_direction": 0, "price": 0.4355, "mark_price": 0.43542556, "iv": 132.14, "instrument_name": "BTC-26MAR21-28000-C", "index_price": 48573.35, "direction": "buy", "amount": 0.1}, {"trade_seq": 4452, "trade_id": "133031706", "timestamp": 1614701671472, "tick_direction": 2, "price": 0.434, "mark_price": 0.43428732, "iv": 130.98, "instrument_name": "BTC-26MAR21-28000-C", "index_price": 48485.86, "direction": "buy", "amount": 0.2}, {"trade_seq": 4451, "trade_id": "133031393", "timestamp": 1614701637808, "tick_direction": 3, "price": 0.435, "mark_price": 0.43523372, "iv": 131.37, "instrument_name": "BTC-26MAR21-28000-C", "index_price": 48559.19, "direction": "buy", "amount": 0.2}, {"trade_seq": 4450, "trade_id": "133031391", "timestamp": 1614701636522, "tick_direction": 2, "price": 0.435, "mark_price": 0.43519023, "iv": 131.76, "instrument_name": "BTC-26MAR21-28000-C", "index_price": 48558.41, "direction": "buy", "amount": 0.1}, {"trade_seq": 4449, "trade_id": "133025808", "timestamp": 1614699378858, "tick_direction": 3, "price": 0.4375, "mark_price": 0.43747769, "iv": 133.2, "instrument_name": "BTC-26MAR21-28000-C", "index_price": 48746.36, "direction": "buy", "amount": 0.1}, {"trade_seq": 4448, "trade_id": "133025807", "timestamp": 1614699378786, "tick_direction": 2, "price": 0.4375, "mark_price": 0.43747769, "iv": 133.2, "instrument_name": "BTC-26MAR21-28000-C", "index_price": 48746.36, "direction": "buy", "amount": 0.2}, {"trade_seq": 4447, "trade_id": "133009661", "timestamp": 1614694266903, "tick_direction": 0, "price": 0.445, "mark_price": 0.44506213, "iv": 133.92, "instrument_name": "BTC-26MAR21-28000-C", "index_price": 49372.0, "direction": "buy", "amount": 0.1}, {"trade_seq": 4446, "trade_id": "133006595", "timestamp": 1614692905840, "tick_direction": 0, "price": 0.436, "mark_price": 0.43961342, "iv": 107.36, "instrument_name": "BTC-26MAR21-28000-C", "index_price": 48888.28, "direction": "sell", "amount": 0.5}, {"trade_seq": 4445, "trade_id": "132400479", "timestamp": 1614495563681, "tick_direction": 3, "price": 0.381, "mark_price": 0.38706977, "iv": 107.4, "instrument_name": "BTC-26MAR21-28000-C", "index_price": 44462.57, "direction": "sell", "amount": 5.0}, {"trade_seq": 4444, "trade_id": "132400478", "timestamp": 1614495563681, "tick_direction": 2, "price": 0.381, "mark_price": 0.38706977, "iv": 107.4, "instrument_name": "BTC-26MAR21-28000-C", "index_price": 44462.57, "direction": "sell", "amount": 2.0}, {"trade_seq": 4443, "trade_id": "132110906", "timestamp": 1614384435406, "tick_direction": 0, "price": 0.42, "mark_price": 0.41974441, "iv": 133.58, "instrument_name": "BTC-26MAR21-28000-C", "index_price": 46677.39, "direction": "buy", "amount": 5.0}, {"trade_seq": 4442, "trade_id": "132109937", "timestamp": 1614384292683, "tick_direction": 0, "price": 0.418, "mark_price": 0.4183807, "iv": 131.59, "instrument_name": "BTC-26MAR21-28000-C", "index_price": 46539.42, "direction": "buy", "amount": 5.0}, {"trade_seq": 4441, "trade_id": "132106267", "timestamp": 1614382650028, "tick_direction": 0, "price": 0.4165, "mark_price": 0.41654975, "iv": 132.7, "instrument_name": "BTC-26MAR21-28000-C", "index_price": 46400.79, "direction": "buy", "amount": 5.0}, {"trade_seq": 4440, "trade_id": "132105341", "timestamp": 1614382355213, "tick_direction": 3, "price": 0.416, "mark_price": 0.41612415, "iv": 131.65, "instrument_name": "BTC-26MAR21-28000-C", "index_price": 46358.97, "direction": "buy", "amount": 1.0}, {"trade_seq": 4439, "trade_id": "132105331", "timestamp": 1614382354769, "tick_direction": 3, "price": 0.416, "mark_price": 0.41612415, "iv": 131.65, "instrument_name": "BTC-26MAR21-28000-C", "index_price": 46358.97, "direction": "buy", "amount": 0.2}, {"trade_seq": 4438, "trade_id": "132105330", "timestamp": 1614382354542, "tick_direction": 3, "price": 0.416, "mark_price": 0.41612415, "iv": 132.3, "instrument_name": "BTC-26MAR21-28000-C", "index_price": 46352.47, "direction": "buy", "amount": 0.3}, {"trade_seq": 4437, "trade_id": "132105329", "timestamp": 1614382354397, "tick_direction": 3, "price": 0.416, "mark_price": 0.41606937, "iv": 132.3, "instrument_name": "BTC-26MAR21-28000-C", "index_price": 46352.47, "direction": "buy", "amount": 0.4}, {"trade_seq": 4436, "trade_id": "132103914", "timestamp": 1614381974805, "tick_direction": 3, "price": 0.416, "mark_price": 0.41590368, "iv": 132.41, "instrument_name": "BTC-26MAR21-28000-C", "index_price": 46349.04, "direction": "buy", "amount": 0.5}, {"trade_seq": 4435, "trade_id": "132103891", "timestamp": 1614381973377, "tick_direction": 3, "price": 0.416, "mark_price": 0.41576349, "iv": 133.44, "instrument_name": "BTC-26MAR21-28000-C", "index_price": 46336.6, "direction": "buy", "amount": 0.1}, {"trade_seq": 4434, "trade_id": "132103890", "timestamp": 1614381973231, "tick_direction": 3, "price": 0.416, "mark_price": 0.4157339, "iv": 133.44, "instrument_name": "BTC-26MAR21-28000-C", "index_price": 46336.6, "direction": "buy", "amount": 0.1}, {"trade_seq": 4433, "trade_id": "132103882", "timestamp": 1614381972882, "tick_direction": 3, "price": 0.416, "mark_price": 0.4157339, "iv": 133.44, "instrument_name": "BTC-26MAR21-28000-C", "index_price": 46336.6, "direction": "buy", "amount": 0.1}, {"trade_seq": 4432, "trade_id": "132103880", "timestamp": 1614381972713, "tick_direction": 3, "price": 0.416, "mark_price": 0.4157339, "iv": 133.44, "instrument_name": "BTC-26MAR21-28000-C", "index_price": 46336.6, "direction": "buy", "amount": 0.2}, {"trade_seq": 4431, "trade_id": "132103444", "timestamp": 1614381931105, "tick_direction": 3, "price": 0.416, "mark_price": 0.41573802, "iv": 133.5, "instrument_name": "BTC-26MAR21-28000-C", "index_price": 46314.95, "direction": "buy", "amount": 0.2}, {"trade_seq": 4430, "trade_id": "132103443", "timestamp": 1614381930876, "tick_direction": 3, "price": 0.416, "mark_price": 0.41573802, "iv": 133.5, "instrument_name": "BTC-26MAR21-28000-C", "index_price": 46314.95, "direction": "buy", "amount": 0.5}, {"trade_seq": 4429, "trade_id": "132103442", "timestamp": 1614381930825, "tick_direction": 3, "price": 0.416, "mark_price": 0.41573802, "iv": 133.5, "instrument_name": "BTC-26MAR21-28000-C", "index_price": 46314.95, "direction": "buy", "amount": 0.5}, {"trade_seq": 4428, "trade_id": "132103430", "timestamp": 1614381930211, "tick_direction": 2, "price": 0.416, "mark_price": 0.41533024, "iv": 133.5, "instrument_name": "BTC-26MAR21-28000-C", "index_price": 46300.14, "direction": "buy", "amount": 0.9}, {"trade_seq": 4427, "trade_id": "131050212", "timestamp": 1614143742601, "tick_direction": 0, "price": 0.466, "mark_price": 0.46686353, "iv": 142.0, "instrument_name": "BTC-26MAR21-28000-C", "index_price": 50549.7, "direction": "buy", "amount": 0.1}, {"trade_seq": 4426, "trade_id": "130920623", "timestamp": 1614112313916, "tick_direction": 2, "price": 0.433, "mark_price": 0.4324776, "iv": 141.9, "instrument_name": "BTC-26MAR21-28000-C", "index_price": 46952.5, "direction": "buy", "amount": 0.2}, {"trade_seq": 4425, "trade_id": "130920552", "timestamp": 1614112301153, "tick_direction": 2, "price": 0.434, "mark_price": 0.43297281, "iv": 142.84, "instrument_name": "BTC-26MAR21-28000-C", "index_price": 47026.66, "direction": "buy", "amount": 0.1}, {"trade_seq": 4424, "trade_id": "130062914", "timestamp": 1614017503780, "tick_direction": 2, "price": 0.482, "mark_price": 0.48193629, "iv": 146.25, "instrument_name": "BTC-26MAR21-28000-C", "index_price": 51777.53, "direction": "buy", "amount": 0.2}, {"trade_seq": 4423, "trade_id": "130062680", "timestamp": 1614017462188, "tick_direction": 0, "price": 0.4835, "mark_price": 0.48325131, "iv": 146.93, "instrument_name": "BTC-26MAR21-28000-C", "index_price": 51923.13, "direction": "buy", "amount": 0.2}, {"trade_seq": 4422, "trade_id": "130062609", "timestamp": 1614017453920, "tick_direction": 3, "price": 0.4825, "mark_price": 0.4821986, "iv": 146.22, "instrument_name": "BTC-26MAR21-28000-C", "index_price": 51830.56, "direction": "buy", "amount": 0.1}, {"trade_seq": 4421, "trade_id": "130062599", "timestamp": 1614017453453, "tick_direction": 3, "price": 0.4825, "mark_price": 0.4821986, "iv": 147.14, "instrument_name": "BTC-26MAR21-28000-C", "index_price": 51830.56, "direction": "buy", "amount": 0.1}, {"trade_seq": 4420, "trade_id": "130062598", "timestamp": 1614017453351, "tick_direction": 3, "price": 0.4825, "mark_price": 0.48219324, "iv": 147.14, "instrument_name": "BTC-26MAR21-28000-C", "index_price": 51830.56, "direction": "buy", "amount": 0.1}, {"trade_seq": 4419, "trade_id": "130062596", "timestamp": 1614017453146, "tick_direction": 2, "price": 0.4825, "mark_price": 0.48219324, "iv": 147.14, "instrument_name": "BTC-26MAR21-28000-C", "index_price": 51830.56, "direction": "buy", "amount": 0.2}, {"trade_seq": 4418, "trade_id": "130006391", "timestamp": 1614008489356, "tick_direction": 0, "price": 0.49, "mark_price": 0.49669082, "iv": 110.41, "instrument_name": "BTC-26MAR21-28000-C", "index_price": 53473.71, "direction": "buy", "amount": 0.1}, {"trade_seq": 4417, "trade_id": "129893931", "timestamp": 1614002979248, "tick_direction": 2, "price": 0.4745, "mark_price": 0.48404903, "iv": 72.08, "instrument_name": "BTC-26MAR21-28000-C", "index_price": 51554.21, "direction": "sell", "amount": 0.7}, {"trade_seq": 4416, "trade_id": "129749589", "timestamp": 1613984222672, "tick_direction": 2, "price": 0.515, "mark_price": 0.51495335, "iv": 149.15, "instrument_name": "BTC-26MAR21-28000-C", "index_price": 55508.26, "direction": "sell", "amount": 0.3}, {"trade_seq": 4415, "trade_id": "129714822", "timestamp": 1613973233899, "tick_direction": 3, "price": 0.52, "mark_price": 0.52000575, "iv": 151.11, "instrument_name": "BTC-26MAR21-28000-C", "index_price": 55952.93, "direction": "sell", "amount": 0.2}, {"trade_seq": 4414, "trade_id": "129689997", "timestamp": 1613966402112, "tick_direction": 3, "price": 0.52, "mark_price": 0.52010152, "iv": 149.78, "instrument_name": "BTC-26MAR21-28000-C", "index_price": 55884.0, "direction": "sell", "amount": 0.1}, {"trade_seq": 4413, "trade_id": "129689993", "timestamp": 1613966402031, "tick_direction": 2, "price": 0.52, "mark_price": 0.52010152, "iv": 149.78, "instrument_name": "BTC-26MAR21-28000-C", "index_price": 55884.0, "direction": "sell", "amount": 0.2}, {"trade_seq": 4412, "trade_id": "129681172", "timestamp": 1613964728877, "tick_direction": 2, "price": 0.5235, "mark_price": 0.52354587, "iv": 152.16, "instrument_name": "BTC-26MAR21-28000-C", "index_price": 56237.49, "direction": "sell", "amount": 0.3}, {"trade_seq": 4411, "trade_id": "129681107", "timestamp": 1613964722338, "tick_direction": 2, "price": 0.524, "mark_price": 0.52417905, "iv": 151.61, "instrument_name": "BTC-26MAR21-28000-C", "index_price": 56289.98, "direction": "sell", "amount": 0.1}, {"trade_seq": 4410, "trade_id": "129680736", "timestamp": 1613964640135, "tick_direction": 2, "price": 0.525, "mark_price": 0.52506711, "iv": 151.99, "instrument_name": "BTC-26MAR21-28000-C", "index_price": 56414.86, "direction": "sell", "amount": 0.2}, {"trade_seq": 4409, "trade_id": "129669842", "timestamp": 1613959639668, "tick_direction": 1, "price": 0.53, "mark_price": 0.52605518, "iv": 167.23, "instrument_name": "BTC-26MAR21-28000-C", "index_price": 56618.38, "direction": "sell", "amount": 0.5}, {"trade_seq": 4408, "trade_id": "129579748", "timestamp": 1613929688490, "tick_direction": 0, "price": 0.53, "mark_price": 0.53565718, "iv": 0.0, "instrument_name": "BTC-26MAR21-28000-C", "index_price": 57564.36, "direction": "sell", "amount": 0.1}, {"trade_seq": 4407, "trade_id": "129133426", "timestamp": 1613767038144, "tick_direction": 3, "price": 0.519, "mark_price": 0.51961745, "iv": 140.5, "instrument_name": "BTC-26MAR21-28000-C", "index_price": 55249.63, "direction": "buy", "amount": 0.1}, {"trade_seq": 4406, "trade_id": "129133423", "timestamp": 1613767037963, "tick_direction": 2, "price": 0.519, "mark_price": 0.51961745, "iv": 140.5, "instrument_name": "BTC-26MAR21-28000-C", "index_price": 55249.63, "direction": "buy", "amount": 0.3}, {"trade_seq": 4405, "trade_id": "129133233", "timestamp": 1613767022950, "tick_direction": 0, "price": 0.5195, "mark_price": 0.5195204, "iv": 142.47, "instrument_name": "BTC-26MAR21-28000-C", "index_price": 55259.2, "direction": "buy", "amount": 0.1}, {"trade_seq": 4404, "trade_id": "129133132", "timestamp": 1613767014827, "tick_direction": 0, "price": 0.519, "mark_price": 0.51896922, "iv": 142.73, "instrument_name": "BTC-26MAR21-28000-C", "index_price": 55194.41, "direction": "buy", "amount": 0.1}, {"trade_seq": 4403, "trade_id": "129104847", "timestamp": 1613760588069, "tick_direction": 1, "price": 0.517, "mark_price": 0.51668883, "iv": 141.62, "instrument_name": "BTC-26MAR21-28000-C", "index_price": 54997.22, "direction": "buy", "amount": 0.1}, {"trade_seq": 4402, "trade_id": "129104842", "timestamp": 1613760587782, "tick_direction": 1, "price": 0.517, "mark_price": 0.51668883, "iv": 141.68, "instrument_name": "BTC-26MAR21-28000-C", "index_price": 54995.68, "direction": "buy", "amount": 0.1}, {"trade_seq": 4401, "trade_id": "129104798", "timestamp": 1613760586878, "tick_direction": 1, "price": 0.517, "mark_price": 0.51669631, "iv": 142.02, "instrument_name": "BTC-26MAR21-28000-C", "index_price": 54995.68, "direction": "buy", "amount": 0.1}, {"trade_seq": 4400, "trade_id": "129104796", "timestamp": 1613760586743, "tick_direction": 0, "price": 0.517, "mark_price": 0.51669631, "iv": 141.99, "instrument_name": "BTC-26MAR21-28000-C", "index_price": 54990.25, "direction": "buy", "amount": 0.1}, {"trade_seq": 4399, "trade_id": "129056984", "timestamp": 1613750415827, "tick_direction": 0, "price": 0.51, "mark_price": 0.50883691, "iv": 140.87, "instrument_name": "BTC-26MAR21-28000-C", "index_price": 53937.15, "direction": "buy", "amount": 0.2}, {"trade_seq": 4398, "trade_id": "129054904", "timestamp": 1613750050220, "tick_direction": 0, "price": 0.5085, "mark_price": 0.50805117, "iv": 137.37, "instrument_name": "BTC-26MAR21-28000-C", "index_price": 53833.71, "direction": "buy", "amount": 0.5}, {"trade_seq": 4397, "trade_id": "129054533", "timestamp": 1613750026207, "tick_direction": 0, "price": 0.508, "mark_price": 0.50748993, "iv": 137.8, "instrument_name": "BTC-26MAR21-28000-C", "index_price": 53770.25, "direction": "buy", "amount": 0.5}, {"trade_seq": 4396, "trade_id": "129054323", "timestamp": 1613749990917, "tick_direction": 0, "price": 0.507, "mark_price": 0.50738071, "iv": 133.49, "instrument_name": "BTC-26MAR21-28000-C", "index_price": 53775.55, "direction": "buy", "amount": 0.5}, {"trade_seq": 4395, "trade_id": "129045114", "timestamp": 1613748238160, "tick_direction": 0, "price": 0.504, "mark_price": 0.5032522, "iv": 137.55, "instrument_name": "BTC-26MAR21-28000-C", "index_price": 53340.54, "direction": "buy", "amount": 0.2}, {"trade_seq": 4394, "trade_id": "129002746", "timestamp": 1613730514191, "tick_direction": 1, "price": 0.5, "mark_price": 0.49960827, "iv": 137.41, "instrument_name": "BTC-26MAR21-28000-C", "index_price": 52799.93, "direction": "buy", "amount": 0.1}, {"trade_seq": 4393, "trade_id": "129002745", "timestamp": 1613730514106, "tick_direction": 1, "price": 0.5, "mark_price": 0.49960827, "iv": 137.41, "instrument_name": "BTC-26MAR21-28000-C", "index_price": 52799.93, "direction": "buy", "amount": 0.1}, {"trade_seq": 4392, "trade_id": "129002729", "timestamp": 1613730510702, "tick_direction": 1, "price": 0.5, "mark_price": 0.49956126, "iv": 137.69, "instrument_name": "BTC-26MAR21-28000-C", "index_price": 52792.88, "direction": "buy", "amount": 0.1}, {"trade_seq": 4391, "trade_id": "129002728", "timestamp": 1613730510531, "tick_direction": 1, "price": 0.5, "mark_price": 0.49956126, "iv": 137.69, "instrument_name": "BTC-26MAR21-28000-C", "index_price": 52792.88, "direction": "buy", "amount": 0.1}, {"trade_seq": 4390, "trade_id": "129002725", "timestamp": 1613730510465, "tick_direction": 1, "price": 0.5, "mark_price": 0.49956126, "iv": 137.69, "instrument_name": "BTC-26MAR21-28000-C", "index_price": 52792.88, "direction": "buy", "amount": 0.1}, {"trade_seq": 4389, "trade_id": "129002723", "timestamp": 1613730510431, "tick_direction": 0, "price": 0.5, "mark_price": 0.49956126, "iv": 137.69, "instrument_name": "BTC-26MAR21-28000-C", "index_price": 52792.88, "direction": "buy", "amount": 0.1}, {"trade_seq": 4388, "trade_id": "128923197", "timestamp": 1613702577370, "tick_direction": 2, "price": 0.474, "mark_price": 0.48172683, "iv": 82.56, "instrument_name": "BTC-26MAR21-28000-C", "index_price": 51209.62, "direction": "sell", "amount": 0.1}, {"trade_seq": 4387, "trade_id": "128905603", "timestamp": 1613696448636, "tick_direction": 2, "price": 0.485, "mark_price": 0.4853794, "iv": 134.55, "instrument_name": "BTC-26MAR21-28000-C", "index_price": 51475.27, "direction": "sell", "amount": 0.1}, {"trade_seq": 4386, "trade_id": "128898053", "timestamp": 1613693159627, "tick_direction": 3, "price": 0.4855, "mark_price": 0.48566644, "iv": 134.43, "instrument_name": "BTC-26MAR21-28000-C", "index_price": 51554.46, "direction": "sell", "amount": 0.1}, {"trade_seq": 4385, "trade_id": "128893478", "timestamp": 1613690318917, "tick_direction": 2, "price": 0.4855, "mark_price": 0.48559995, "iv": 135.0, "instrument_name": "BTC-26MAR21-28000-C", "index_price": 51557.24, "direction": "sell", "amount": 0.2}, {"trade_seq": 4384, "trade_id": "128884304", "timestamp": 1613685115992, "tick_direction": 1, "price": 0.4915, "mark_price": 0.49167589, "iv": 135.24, "instrument_name": "BTC-26MAR21-28000-C", "index_price": 52116.42, "direction": "buy", "amount": 0.1}, {"trade_seq": 4383, "trade_id": "128884303", "timestamp": 1613685115900, "tick_direction": 1, "price": 0.4915, "mark_price": 0.49167348, "iv": 135.24, "instrument_name": "BTC-26MAR21-28000-C", "index_price": 52116.42, "direction": "buy", "amount": 0.2}, {"trade_seq": 4382, "trade_id": "128884302", "timestamp": 1613685115805, "tick_direction": 0, "price": 0.4915, "mark_price": 0.49167348, "iv": 135.24, "instrument_name": "BTC-26MAR21-28000-C", "index_price": 52116.42, "direction": "buy", "amount": 0.4}, {"trade_seq": 4381, "trade_id": "128825031", "timestamp": 1613661052667, "tick_direction": 0, "price": 0.491, "mark_price": 0.49088139, "iv": 135.45, "instrument_name": "BTC-26MAR21-28000-C", "index_price": 51947.98, "direction": "sell", "amount": 1.0}, {"trade_seq": 4380, "trade_id": "128756787", "timestamp": 1613639209112, "tick_direction": 2, "price": 0.4875, "mark_price": 0.48755668, "iv": 133.19, "instrument_name": "BTC-26MAR21-28000-C", "index_price": 51478.93, "direction": "sell", "amount": 0.1}, {"trade_seq": 4379, "trade_id": "128723345", "timestamp": 1613629681324, "tick_direction": 2, "price": 0.49, "mark_price": 0.49387677, "iv": 115.96, "instrument_name": "BTC-26MAR21-28000-C", "index_price": 52077.93, "direction": "buy", "amount": 0.5}, {"trade_seq": 4378, "trade_id": "128657524", "timestamp": 1613596276196, "tick_direction": 0, "price": 0.4935, "mark_price": 0.4934433, "iv": 134.62, "instrument_name": "BTC-26MAR21-28000-C", "index_price": 52259.73, "direction": "sell", "amount": 0.1}, {"trade_seq": 4377, "trade_id": "128632758", "timestamp": 1613590208937, "tick_direction": 1, "price": 0.49, "mark_price": 0.49057666, "iv": 131.7, "instrument_name": "BTC-26MAR21-28000-C", "index_price": 51843.33, "direction": "buy", "amount": 0.1}, {"trade_seq": 4376, "trade_id": "128632757", "timestamp": 1613590208906, "tick_direction": 1, "price": 0.49, "mark_price": 0.49057666, "iv": 131.7, "instrument_name": "BTC-26MAR21-28000-C", "index_price": 51843.33, "direction": "buy", "amount": 0.1}, {"trade_seq": 4375, "trade_id": "128632747", "timestamp": 1613590206847, "tick_direction": 1, "price": 0.49, "mark_price": 0.49052262, "iv": 131.66, "instrument_name": "BTC-26MAR21-28000-C", "index_price": 51842.9, "direction": "buy", "amount": 0.1}, {"trade_seq": 4374, "trade_id": "128632746", "timestamp": 1613590203407, "tick_direction": 1, "price": 0.49, "mark_price": 0.49043525, "iv": 132.23, "instrument_name": "BTC-26MAR21-28000-C", "index_price": 51827.26, "direction": "buy", "amount": 0.2}, {"trade_seq": 4373, "trade_id": "128632744", "timestamp": 1613590203279, "tick_direction": 1, "price": 0.49, "mark_price": 0.49043525, "iv": 132.23, "instrument_name": "BTC-26MAR21-28000-C", "index_price": 51827.26, "direction": "buy", "amount": 0.1}, {"trade_seq": 4372, "trade_id": "128632668", "timestamp": 1613590156641, "tick_direction": 1, "price": 0.49, "mark_price": 0.49037147, "iv": 132.47, "instrument_name": "BTC-26MAR21-28000-C", "index_price": 51817.01, "direction": "buy", "amount": 0.1}, {"trade_seq": 4371, "trade_id": "128632667", "timestamp": 1613590156260, "tick_direction": 1, "price": 0.49, "mark_price": 0.49036285, "iv": 132.5, "instrument_name": "BTC-26MAR21-28000-C", "index_price": 51810.79, "direction": "buy", "amount": 0.1}, {"trade_seq": 4370, "trade_id": "128632566", "timestamp": 1613590143544, "tick_direction": 1, "price": 0.49, "mark_price": 0.49057894, "iv": 131.63, "instrument_name": "BTC-26MAR21-28000-C", "index_price": 51828.04, "direction": "buy", "amount": 0.1}, {"trade_seq": 4369, "trade_id": "128632565", "timestamp": 1613590142660, "tick_direction": 1, "price": 0.49, "mark_price": 0.49057894, "iv": 131.65, "instrument_name": "BTC-26MAR21-28000-C", "index_price": 51829.36, "direction": "buy", "amount": 0.1}, {"trade_seq": 4368, "trade_id": "128632414", "timestamp": 1613590123241, "tick_direction": 1, "price": 0.49, "mark_price": 0.4903781, "iv": 132.32, "instrument_name": "BTC-26MAR21-28000-C", "index_price": 51805.94, "direction": "buy", "amount": 0.4}, {"trade_seq": 4367, "trade_id": "128632353", "timestamp": 1613590121988, "tick_direction": 1, "price": 0.49, "mark_price": 0.49037784, "iv": 132.44, "instrument_name": "BTC-26MAR21-28000-C", "index_price": 51798.66, "direction": "buy", "amount": 0.1}, {"trade_seq": 4366, "trade_id": "128632337", "timestamp": 1613590121899, "tick_direction": 1, "price": 0.49, "mark_price": 0.49037784, "iv": 132.44, "instrument_name": "BTC-26MAR21-28000-C", "index_price": 51796.75, "direction": "buy", "amount": 0.2}, {"trade_seq": 4365, "trade_id": "128632336", "timestamp": 1613590121842, "tick_direction": 1, "price": 0.49, "mark_price": 0.49037784, "iv": 132.44, "instrument_name": "BTC-26MAR21-28000-C", "index_price": 51796.75, "direction": "buy", "amount": 0.3}, {"trade_seq": 4364, "trade_id": "128520365", "timestamp": 1613555252077, "tick_direction": 0, "price": 0.49, "mark_price": 0.48937258, "iv": 134.99, "instrument_name": "BTC-26MAR21-28000-C", "index_price": 51629.46, "direction": "buy", "amount": 0.1}, {"trade_seq": 4363, "trade_id": "128361162", "timestamp": 1613517341902, "tick_direction": 0, "price": 0.459, "mark_price": 0.45895704, "iv": 131.94, "instrument_name": "BTC-26MAR21-28000-C", "index_price": 49050.99, "direction": "buy", "amount": 0.1}, {"trade_seq": 4362, "trade_id": "128335996", "timestamp": 1613506426986, "tick_direction": 0, "price": 0.452, "mark_price": 0.45210428, "iv": 131.63, "instrument_name": "BTC-26MAR21-28000-C", "index_price": 48443.53, "direction": "sell", "amount": 0.1}, {"trade_seq": 4361, "trade_id": "128335858", "timestamp": 1613506379979, "tick_direction": 0, "price": 0.4515, "mark_price": 0.45100317, "iv": 133.18, "instrument_name": "BTC-26MAR21-28000-C", "index_price": 48345.28, "direction": "sell", "amount": 0.1}, {"trade_seq": 4360, "trade_id": "128335655", "timestamp": 1613506357281, "tick_direction": 2, "price": 0.4505, "mark_price": 0.45089874, "iv": 130.87, "instrument_name": "BTC-26MAR21-28000-C", "index_price": 48322.98, "direction": "sell", "amount": 0.1}, {"trade_seq": 4359, "trade_id": "128335511", "timestamp": 1613506349524, "tick_direction": 0, "price": 0.4525, "mark_price": 0.45144848, "iv": 134.74, "instrument_name": "BTC-26MAR21-28000-C", "index_price": 48378.91, "direction": "buy", "amount": 0.1}, {"trade_seq": 4358, "trade_id": "128313556", "timestamp": 1613498422591, "tick_direction": 2, "price": 0.45, "mark_price": 0.45062029, "iv": 131.12, "instrument_name": "BTC-26MAR21-28000-C", "index_price": 48218.71, "direction": "sell", "amount": 0.1}, {"trade_seq": 4357, "trade_id": "128305425", "timestamp": 1613495635879, "tick_direction": 1, "price": 0.4525, "mark_price": 0.45305691, "iv": 131.55, "instrument_name": "BTC-26MAR21-28000-C", "index_price": 48419.27, "direction": "buy", "amount": 0.1}, {"trade_seq": 4356, "trade_id": "128305420", "timestamp": 1613495635576, "tick_direction": 1, "price": 0.4525, "mark_price": 0.45307272, "iv": 131.51, "instrument_name": "BTC-26MAR21-28000-C", "index_price": 48427.19, "direction": "buy", "amount": 0.1}, {"trade_seq": 4355, "trade_id": "128305389", "timestamp": 1613495613519, "tick_direction": 1, "price": 0.4525, "mark_price": 0.45305034, "iv": 131.45, "instrument_name": "BTC-26MAR21-28000-C", "index_price": 48420.75, "direction": "buy", "amount": 0.1}, {"trade_seq": 4354, "trade_id": "128305061", "timestamp": 1613495533425, "tick_direction": 1, "price": 0.4525, "mark_price": 0.4531542, "iv": 131.68, "instrument_name": "BTC-26MAR21-28000-C", "index_price": 48419.01, "direction": "buy", "amount": 0.1}, {"trade_seq": 4353, "trade_id": "128305052", "timestamp": 1613495532688, "tick_direction": 1, "price": 0.4525, "mark_price": 0.4531542, "iv": 131.3, "instrument_name": "BTC-26MAR21-28000-C", "index_price": 48422.56, "direction": "buy", "amount": 0.1}, {"trade_seq": 4352, "trade_id": "128304862", "timestamp": 1613495456007, "tick_direction": 1, "price": 0.4525, "mark_price": 0.45290174, "iv": 132.01, "instrument_name": "BTC-26MAR21-28000-C", "index_price": 48409.92, "direction": "buy", "amount": 0.1}, {"trade_seq": 4351, "trade_id": "128304857", "timestamp": 1613495455206, "tick_direction": 0, "price": 0.4525, "mark_price": 0.45290182, "iv": 132.01, "instrument_name": "BTC-26MAR21-28000-C", "index_price": 48409.92, "direction": "buy", "amount": 0.1}, {"trade_seq": 4350, "trade_id": "128304140", "timestamp": 1613495323648, "tick_direction": 2, "price": 0.452, "mark_price": 0.452897, "iv": 130.69, "instrument_name": "BTC-26MAR21-28000-C", "index_price": 48393.31, "direction": "buy", "amount": 0.2}, {"trade_seq": 4349, "trade_id": "128295704", "timestamp": 1613494558401, "tick_direction": 2, "price": 0.455, "mark_price": 0.45531574, "iv": 132.53, "instrument_name": "BTC-26MAR21-28000-C", "index_price": 48564.31, "direction": "sell", "amount": 0.1}, {"trade_seq": 4348, "trade_id": "128294353", "timestamp": 1613494379490, "tick_direction": 2, "price": 0.456, "mark_price": 0.45656876, "iv": 131.76, "instrument_name": "BTC-26MAR21-28000-C", "index_price": 48678.38, "direction": "buy", "amount": 0.1}, {"trade_seq": 4347, "trade_id": "128276917", "timestamp": 1613488857591, "tick_direction": 1, "price": 0.4665, "mark_price": 0.46536814, "iv": 136.24, "instrument_name": "BTC-26MAR21-28000-C", "index_price": 49448.55, "direction": "buy", "amount": 0.1}, {"trade_seq": 4346, "trade_id": "128276913", "timestamp": 1613488857294, "tick_direction": 1, "price": 0.4665, "mark_price": 0.46536814, "iv": 136.24, "instrument_name": "BTC-26MAR21-28000-C", "index_price": 49448.55, "direction": "buy", "amount": 0.1}, {"trade_seq": 4345, "trade_id": "128276906", "timestamp": 1613488856673, "tick_direction": 0, "price": 0.4665, "mark_price": 0.46528548, "iv": 136.47, "instrument_name": "BTC-26MAR21-28000-C", "index_price": 49440.66, "direction": "buy", "amount": 0.1}, {"trade_seq": 4344, "trade_id": "128274767", "timestamp": 1613488080169, "tick_direction": 2, "price": 0.4645, "mark_price": 0.46378899, "iv": 134.9, "instrument_name": "BTC-26MAR21-28000-C", "index_price": 49304.73, "direction": "buy", "amount": 0.1}, {"trade_seq": 4343, "trade_id": "128274693", "timestamp": 1613488037064, "tick_direction": 3, "price": 0.465, "mark_price": 0.46418418, "iv": 135.07, "instrument_name": "BTC-26MAR21-28000-C", "index_price": 49346.99, "direction": "buy", "amount": 0.1}, {"trade_seq": 4342, "trade_id": "128274672", "timestamp": 1613488030156, "tick_direction": 2, "price": 0.465, "mark_price": 0.46434512, "iv": 134.64, "instrument_name": "BTC-26MAR21-28000-C", "index_price": 49351.83, "direction": "buy", "amount": 0.2}, {"trade_seq": 4341, "trade_id": "128207738", "timestamp": 1613478624312, "tick_direction": 1, "price": 0.475, "mark_price": 0.47309578, "iv": 136.27, "instrument_name": "BTC-26MAR21-28000-C", "index_price": 50011.17, "direction": "buy", "amount": 0.1}, {"trade_seq": 4340, "trade_id": "128207719", "timestamp": 1613478623931, "tick_direction": 0, "price": 0.475, "mark_price": 0.47296791, "iv": 136.52, "instrument_name": "BTC-26MAR21-28000-C", "index_price": 50012.48, "direction": "buy", "amount": 0.1}, {"trade_seq": 4339, "trade_id": "127950153", "timestamp": 1613404988062, "tick_direction": 1, "price": 0.45, "mark_price": 0.45061436, "iv": 124.62, "instrument_name": "BTC-26MAR21-28000-C", "index_price": 48124.03, "direction": "buy", "amount": 0.1}, {"trade_seq": 4338, "trade_id": "127950139", "timestamp": 1613404986009, "tick_direction": 1, "price": 0.45, "mark_price": 0.45055603, "iv": 124.94, "instrument_name": "BTC-26MAR21-28000-C", "index_price": 48113.82, "direction": "buy", "amount": 0.1}, {"trade_seq": 4337, "trade_id": "127950137", "timestamp": 1613404985949, "tick_direction": 1, "price": 0.45, "mark_price": 0.45055603, "iv": 124.94, "instrument_name": "BTC-26MAR21-28000-C", "index_price": 48113.82, "direction": "buy", "amount": 0.1}, {"trade_seq": 4336, "trade_id": "127950078", "timestamp": 1613404969263, "tick_direction": 1, "price": 0.45, "mark_price": 0.45044021, "iv": 125.44, "instrument_name": "BTC-26MAR21-28000-C", "index_price": 48100.92, "direction": "buy", "amount": 0.1}, {"trade_seq": 4335, "trade_id": "127950059", "timestamp": 1613404960444, "tick_direction": 1, "price": 0.45, "mark_price": 0.45030993, "iv": 125.73, "instrument_name": "BTC-26MAR21-28000-C", "index_price": 48097.14, "direction": "buy", "amount": 0.1}, {"trade_seq": 4334, "trade_id": "127949973", "timestamp": 1613404928019, "tick_direction": 1, "price": 0.45, "mark_price": 0.45033967, "iv": 125.72, "instrument_name": "BTC-26MAR21-28000-C", "index_price": 48089.69, "direction": "buy", "amount": 0.2}, {"trade_seq": 4333, "trade_id": "127949972", "timestamp": 1613404927659, "tick_direction": 0, "price": 0.45, "mark_price": 0.45033967, "iv": 125.72, "instrument_name": "BTC-26MAR21-28000-C", "index_price": 48089.69, "direction": "buy", "amount": 0.8}, {"trade_seq": 4332, "trade_id": "127939406", "timestamp": 1613401077896, "tick_direction": 0, "price": 0.442, "mark_price": 0.44588156, "iv": 115.25, "instrument_name": "BTC-26MAR21-28000-C", "index_price": 47706.81, "direction": "sell", "amount": 0.1}, {"trade_seq": 4331, "trade_id": "127938665", "timestamp": 1613400846894, "tick_direction": 0, "price": 0.44, "mark_price": 0.44677644, "iv": 104.36, "instrument_name": "BTC-26MAR21-28000-C", "index_price": 47809.19, "direction": "buy", "amount": 0.1}, {"trade_seq": 4330, "trade_id": "127768162", "timestamp": 1613355648547, "tick_direction": 2, "price": 0.422, "mark_price": 0.43495108, "iv": 86.28, "instrument_name": "BTC-26MAR21-28000-C", "index_price": 46745.2, "direction": "buy", "amount": 1.1}, {"trade_seq": 4329, "trade_id": "127651544", "timestamp": 1613314849395, "tick_direction": 1, "price": 0.4625, "mark_price": 0.46308146, "iv": 130.06, "instrument_name": "BTC-26MAR21-28000-C", "index_price": 48871.67, "direction": "buy", "amount": 0.1}, {"trade_seq": 4328, "trade_id": "127651532", "timestamp": 1613314849313, "tick_direction": 0, "price": 0.4625, "mark_price": 0.46308146, "iv": 130.06, "instrument_name": "BTC-26MAR21-28000-C", "index_price": 48871.67, "direction": "buy", "amount": 0.1}, {"trade_seq": 4327, "trade_id": "127651201", "timestamp": 1613314655438, "tick_direction": 2, "price": 0.462, "mark_price": 0.46269491, "iv": 129.76, "instrument_name": "BTC-26MAR21-28000-C", "index_price": 48841.74, "direction": "buy", "amount": 0.3}, {"trade_seq": 4326, "trade_id": "127619716", "timestamp": 1613304930296, "tick_direction": 0, "price": 0.473, "mark_price": 0.47333362, "iv": 129.92, "instrument_name": "BTC-26MAR21-28000-C", "index_price": 49678.33, "direction": "buy", "amount": 0.1}, {"trade_seq": 4325, "trade_id": "127600119", "timestamp": 1613297781656, "tick_direction": 0, "price": 0.4675, "mark_price": 0.46794571, "iv": 130.01, "instrument_name": "BTC-26MAR21-28000-C", "index_price": 49184.06, "direction": "buy", "amount": 0.1}, {"trade_seq": 4324, "trade_id": "127599975", "timestamp": 1613297634290, "tick_direction": 0, "price": 0.465, "mark_price": 0.46713852, "iv": 124.91, "instrument_name": "BTC-26MAR21-28000-C", "index_price": 49107.37, "direction": "buy", "amount": 0.1}, {"trade_seq": 4323, "trade_id": "127134714", "timestamp": 1613119622907, "tick_direction": 3, "price": 0.445, "mark_price": 0.44563717, "iv": 125.51, "instrument_name": "BTC-26MAR21-28000-C", "index_price": 47312.72, "direction": "sell", "amount": 0.2}, {"trade_seq": 4322, "trade_id": "127134660", "timestamp": 1613119598857, "tick_direction": 3, "price": 0.445, "mark_price": 0.44602215, "iv": 125.12, "instrument_name": "BTC-26MAR21-28000-C", "index_price": 47329.58, "direction": "sell", "amount": 0.1}, {"trade_seq": 4321, "trade_id": "127134659", "timestamp": 1613119598808, "tick_direction": 3, "price": 0.445, "mark_price": 0.44602215, "iv": 125.12, "instrument_name": "BTC-26MAR21-28000-C", "index_price": 47329.58, "direction": "sell", "amount": 0.1}, {"trade_seq": 4320, "trade_id": "127134656", "timestamp": 1613119598691, "tick_direction": 2, "price": 0.445, "mark_price": 0.44602215, "iv": 124.59, "instrument_name": "BTC-26MAR21-28000-C", "index_price": 47329.58, "direction": "sell", "amount": 0.1}, {"trade_seq": 4319, "trade_id": "127132036", "timestamp": 1613118642586, "tick_direction": 3, "price": 0.449, "mark_price": 0.44919383, "iv": 126.81, "instrument_name": "BTC-26MAR21-28000-C", "index_price": 47647.34, "direction": "sell", "amount": 0.1}, {"trade_seq": 4318, "trade_id": "127132035", "timestamp": 1613118642459, "tick_direction": 3, "price": 0.449, "mark_price": 0.44919383, "iv": 126.81, "instrument_name": "BTC-26MAR21-28000-C", "index_price": 47647.34, "direction": "sell", "amount": 0.1}, {"trade_seq": 4317, "trade_id": "127132025", "timestamp": 1613118641613, "tick_direction": 3, "price": 0.449, "mark_price": 0.44929407, "iv": 126.82, "instrument_name": "BTC-26MAR21-28000-C", "index_price": 47650.95, "direction": "sell", "amount": 0.1}, {"trade_seq": 4316, "trade_id": "127131940", "timestamp": 1613118620466, "tick_direction": 3, "price": 0.449, "mark_price": 0.44936054, "iv": 126.43, "instrument_name": "BTC-26MAR21-28000-C", "index_price": 47673.77, "direction": "sell", "amount": 0.1}, {"trade_seq": 4315, "trade_id": "127131939", "timestamp": 1613118620394, "tick_direction": 2, "price": 0.449, "mark_price": 0.44936054, "iv": 126.43, "instrument_name": "BTC-26MAR21-28000-C", "index_price": 47673.77, "direction": "sell", "amount": 0.1}, {"trade_seq": 4314, "trade_id": "127022839", "timestamp": 1613089525999, "tick_direction": 1, "price": 0.46, "mark_price": 0.4605314, "iv": 128.72, "instrument_name": "BTC-26MAR21-28000-C", "index_price": 48666.22, "direction": "buy", "amount": 0.7}, {"trade_seq": 4313, "trade_id": "127022585", "timestamp": 1613089467079, "tick_direction": 1, "price": 0.46, "mark_price": 0.46055534, "iv": 128.98, "instrument_name": "BTC-26MAR21-28000-C", "index_price": 48647.62, "direction": "buy", "amount": 0.1}, {"trade_seq": 4312, "trade_id": "127022584", "timestamp": 1613089466967, "tick_direction": 1, "price": 0.46, "mark_price": 0.46055534, "iv": 128.98, "instrument_name": "BTC-26MAR21-28000-C", "index_price": 48647.62, "direction": "buy", "amount": 0.3}, {"trade_seq": 4311, "trade_id": "127022583", "timestamp": 1613089466836, "tick_direction": 0, "price": 0.46, "mark_price": 0.46055534, "iv": 128.98, "instrument_name": "BTC-26MAR21-28000-C", "index_price": 48647.62, "direction": "buy", "amount": 0.9}, {"trade_seq": 4310, "trade_id": "126927829", "timestamp": 1613063954470, "tick_direction": 0, "price": 0.4455, "mark_price": 0.4448593, "iv": 128.76, "instrument_name": "BTC-26MAR21-28000-C", "index_price": 47198.03, "direction": "sell", "amount": 0.1}, {"trade_seq": 4309, "trade_id": "126689971", "timestamp": 1612994636294, "tick_direction": 2, "price": 0.417, "mark_price": 0.41631521, "iv": 122.64, "instrument_name": "BTC-26MAR21-28000-C", "index_price": 44960.91, "direction": "buy", "amount": 1.0}, {"trade_seq": 4308, "trade_id": "126689855", "timestamp": 1612994542424, "tick_direction": 1, "price": 0.4175, "mark_price": 0.41708193, "iv": 122.12, "instrument_name": "BTC-26MAR21-28000-C", "index_price": 45019.34, "direction": "buy", "amount": 1.0}, {"trade_seq": 4307, "trade_id": "126689813", "timestamp": 1612994498682, "tick_direction": 0, "price": 0.4175, "mark_price": 0.41705699, "iv": 122.12, "instrument_name": "BTC-26MAR21-28000-C", "index_price": 45029.82, "direction": "buy", "amount": 1.0}, {"trade_seq": 4306, "trade_id": "126689522", "timestamp": 1612994230437, "tick_direction": 3, "price": 0.4165, "mark_price": 0.41609944, "iv": 122.14, "instrument_name": "BTC-26MAR21-28000-C", "index_price": 44931.9, "direction": "buy", "amount": 1.0}, {"trade_seq": 4305, "trade_id": "126689476", "timestamp": 1612994204481, "tick_direction": 2, "price": 0.4165, "mark_price": 0.41645399, "iv": 121.43, "instrument_name": "BTC-26MAR21-28000-C", "index_price": 44959.22, "direction": "buy", "amount": 1.0}, {"trade_seq": 4304, "trade_id": "126689453", "timestamp": 1612994171397, "tick_direction": 2, "price": 0.417, "mark_price": 0.4168644, "iv": 121.59, "instrument_name": "BTC-26MAR21-28000-C", "index_price": 44980.91, "direction": "buy", "amount": 1.0}, {"trade_seq": 4303, "trade_id": "126689302", "timestamp": 1612994022760, "tick_direction": 1, "price": 0.4175, "mark_price": 0.41739284, "iv": 121.5, "instrument_name": "BTC-26MAR21-28000-C", "index_price": 45027.72, "direction": "sell", "amount": 1.0}, {"trade_seq": 4302, "trade_id": "126689301", "timestamp": 1612994022758, "tick_direction": 0, "price": 0.4175, "mark_price": 0.41739284, "iv": 121.5, "instrument_name": "BTC-26MAR21-28000-C", "index_price": 45027.72, "direction": "buy", "amount": 1.0}, {"trade_seq": 4301, "trade_id": "126686059", "timestamp": 1612992067246, "tick_direction": 0, "price": 0.411, "mark_price": 0.41219735, "iv": 119.22, "instrument_name": "BTC-26MAR21-28000-C", "index_price": 44547.1, "direction": "sell", "amount": 1.0}, {"trade_seq": 4300, "trade_id": "126623972", "timestamp": 1612973180551, "tick_direction": 2, "price": 0.407, "mark_price": 0.40800658, "iv": 120.4, "instrument_name": "BTC-26MAR21-28000-C", "index_price": 43952.39, "direction": "sell", "amount": 0.1}, {"trade_seq": 4299, "trade_id": "126592272", "timestamp": 1612969292769, "tick_direction": 1, "price": 0.4205, "mark_price": 0.42100513, "iv": 121.43, "instrument_name": "BTC-26MAR21-28000-C", "index_price": 45072.31, "direction": "buy", "amount": 0.1}, {"trade_seq": 4298, "trade_id": "126592271", "timestamp": 1612969292713, "tick_direction": 0, "price": 0.4205, "mark_price": 0.42100513, "iv": 121.43, "instrument_name": "BTC-26MAR21-28000-C", "index_price": 45072.31, "direction": "buy", "amount": 0.2}, {"trade_seq": 4297, "trade_id": "126591187", "timestamp": 1612969208623, "tick_direction": 2, "price": 0.42, "mark_price": 0.42026162, "iv": 121.93, "instrument_name": "BTC-26MAR21-28000-C", "index_price": 44981.94, "direction": "buy", "amount": 0.1}, {"trade_seq": 4296, "trade_id": "126557478", "timestamp": 1612960981300, "tick_direction": 3, "price": 0.422, "mark_price": 0.4227919, "iv": 119.94, "instrument_name": "BTC-26MAR21-28000-C", "index_price": 45311.83, "direction": "buy", "amount": 0.1}, {"trade_seq": 4295, "trade_id": "126557476", "timestamp": 1612960981122, "tick_direction": 3, "price": 0.422, "mark_price": 0.4227919, "iv": 120.24, "instrument_name": "BTC-26MAR21-28000-C", "index_price": 45304.84, "direction": "buy", "amount": 0.1}, {"trade_seq": 4294, "trade_id": "126557474", "timestamp": 1612960980662, "tick_direction": 3, "price": 0.422, "mark_price": 0.42264767, "iv": 120.24, "instrument_name": "BTC-26MAR21-28000-C", "index_price": 45304.84, "direction": "buy", "amount": 0.1}, {"trade_seq": 4293, "trade_id": "126557453", "timestamp": 1612960978763, "tick_direction": 3, "price": 0.422, "mark_price": 0.42251424, "iv": 120.83, "instrument_name": "BTC-26MAR21-28000-C", "index_price": 45281.23, "direction": "buy", "amount": 0.2}, {"trade_seq": 4292, "trade_id": "126557445", "timestamp": 1612960978282, "tick_direction": 3, "price": 0.422, "mark_price": 0.42232789, "iv": 120.83, "instrument_name": "BTC-26MAR21-28000-C", "index_price": 45281.23, "direction": "buy", "amount": 0.3}, {"trade_seq": 4291, "trade_id": "126557429", "timestamp": 1612960978150, "tick_direction": 2, "price": 0.422, "mark_price": 0.42232789, "iv": 120.83, "instrument_name": "BTC-26MAR21-28000-C", "index_price": 45281.23, "direction": "buy", "amount": 0.2}, {"trade_seq": 4290, "trade_id": "126316538", "timestamp": 1612873324310, "tick_direction": 0, "price": 0.444, "mark_price": 0.4433755, "iv": 127.46, "instrument_name": "BTC-26MAR21-28000-C", "index_price": 46592.26, "direction": "sell", "amount": 1.0}, {"trade_seq": 4289, "trade_id": "126274326", "timestamp": 1612863118630, "tick_direction": 3, "price": 0.442, "mark_price": 0.44223093, "iv": 125.67, "instrument_name": "BTC-26MAR21-28000-C", "index_price": 46522.76, "direction": "sell", "amount": 0.1}, {"trade_seq": 4288, "trade_id": "126274301", "timestamp": 1612863115287, "tick_direction": 3, "price": 0.442, "mark_price": 0.44226052, "iv": 125.53, "instrument_name": "BTC-26MAR21-28000-C", "index_price": 46537.83, "direction": "sell", "amount": 0.1}, {"trade_seq": 4287, "trade_id": "126274291", "timestamp": 1612863114308, "tick_direction": 3, "price": 0.442, "mark_price": 0.44240586, "iv": 125.53, "instrument_name": "BTC-26MAR21-28000-C", "index_price": 46537.83, "direction": "sell", "amount": 0.2}, {"trade_seq": 4286, "trade_id": "126274290", "timestamp": 1612863113944, "tick_direction": 2, "price": 0.442, "mark_price": 0.44241206, "iv": 125.22, "instrument_name": "BTC-26MAR21-28000-C", "index_price": 46538.95, "direction": "sell", "amount": 0.1}, {"trade_seq": 4285, "trade_id": "126243884", "timestamp": 1612857046148, "tick_direction": 1, "price": 0.454, "mark_price": 0.45412089, "iv": 127.5, "instrument_name": "BTC-26MAR21-28000-C", "index_price": 47669.54, "direction": "buy", "amount": 0.1}, {"trade_seq": 4284, "trade_id": "126243883", "timestamp": 1612857046016, "tick_direction": 1, "price": 0.454, "mark_price": 0.45412089, "iv": 127.5, "instrument_name": "BTC-26MAR21-28000-C", "index_price": 47669.54, "direction": "buy", "amount": 0.1}, {"trade_seq": 4283, "trade_id": "126243878", "timestamp": 1612857045551, "tick_direction": 1, "price": 0.454, "mark_price": 0.45412643, "iv": 127.5, "instrument_name": "BTC-26MAR21-28000-C", "index_price": 47669.54, "direction": "buy", "amount": 0.1}, {"trade_seq": 4282, "trade_id": "126243877", "timestamp": 1612857045486, "tick_direction": 1, "price": 0.454, "mark_price": 0.45412643, "iv": 127.5, "instrument_name": "BTC-26MAR21-28000-C", "index_price": 47669.54, "direction": "buy", "amount": 0.1}, {"trade_seq": 4281, "trade_id": "126243875", "timestamp": 1612857045157, "tick_direction": 0, "price": 0.454, "mark_price": 0.45412643, "iv": 127.49, "instrument_name": "BTC-26MAR21-28000-C", "index_price": 47660.49, "direction": "buy", "amount": 0.1}, {"trade_seq": 4280, "trade_id": "126185802", "timestamp": 1612845355094, "tick_direction": 3, "price": 0.4395, "mark_price": 0.43926243, "iv": 126.84, "instrument_name": "BTC-26MAR21-28000-C", "index_price": 46401.39, "direction": "sell", "amount": 0.1}, {"trade_seq": 4279, "trade_id": "126185797", "timestamp": 1612845354380, "tick_direction": 2, "price": 0.4395, "mark_price": 0.43925924, "iv": 126.84, "instrument_name": "BTC-26MAR21-28000-C", "index_price": 46402.01, "direction": "sell", "amount": 0.1}, {"trade_seq": 4278, "trade_id": "126093623", "timestamp": 1612828874800, "tick_direction": 1, "price": 0.444, "mark_price": 0.44466451, "iv": 129.19, "instrument_name": "BTC-26MAR21-28000-C", "index_price": 46802.01, "direction": "buy", "amount": 0.1}, {"trade_seq": 4277, "trade_id": "126093620", "timestamp": 1612828874690, "tick_direction": 1, "price": 0.444, "mark_price": 0.44440529, "iv": 129.19, "instrument_name": "BTC-26MAR21-28000-C", "index_price": 46802.01, "direction": "buy", "amount": 0.2}, {"trade_seq": 4276, "trade_id": "126093604", "timestamp": 1612828874316, "tick_direction": 1, "price": 0.444, "mark_price": 0.44440529, "iv": 129.19, "instrument_name": "BTC-26MAR21-28000-C", "index_price": 46802.01, "direction": "buy", "amount": 0.1}, {"trade_seq": 4275, "trade_id": "126093597", "timestamp": 1612828874182, "tick_direction": 1, "price": 0.444, "mark_price": 0.44440529, "iv": 129.19, "instrument_name": "BTC-26MAR21-28000-C", "index_price": 46802.01, "direction": "buy", "amount": 0.4}, {"trade_seq": 4274, "trade_id": "126093580", "timestamp": 1612828873972, "tick_direction": 1, "price": 0.444, "mark_price": 0.44440529, "iv": 129.19, "instrument_name": "BTC-26MAR21-28000-C", "index_price": 46802.01, "direction": "buy", "amount": 0.3}, {"trade_seq": 4273, "trade_id": "126093578", "timestamp": 1612828873885, "tick_direction": 1, "price": 0.444, "mark_price": 0.44440529, "iv": 129.19, "instrument_name": "BTC-26MAR21-28000-C", "index_price": 46802.01, "direction": "buy", "amount": 0.1}, {"trade_seq": 4272, "trade_id": "126074138", "timestamp": 1612826795673, "tick_direction": 1, "price": 0.444, "mark_price": 0.4433316, "iv": 130.07, "instrument_name": "BTC-26MAR21-28000-C", "index_price": 46735.2, "direction": "buy", "amount": 0.1}, {"trade_seq": 4271, "trade_id": "126074130", "timestamp": 1612826795490, "tick_direction": 1, "price": 0.444, "mark_price": 0.4433316, "iv": 130.07, "instrument_name": "BTC-26MAR21-28000-C", "index_price": 46735.2, "direction": "buy", "amount": 0.1}, {"trade_seq": 4270, "trade_id": "126074125", "timestamp": 1612826795421, "tick_direction": 1, "price": 0.444, "mark_price": 0.4433316, "iv": 130.07, "instrument_name": "BTC-26MAR21-28000-C", "index_price": 46735.2, "direction": "buy", "amount": 0.1}, {"trade_seq": 4269, "trade_id": "126074071", "timestamp": 1612826794331, "tick_direction": 1, "price": 0.444, "mark_price": 0.44327543, "iv": 130.18, "instrument_name": "BTC-26MAR21-28000-C", "index_price": 46692.52, "direction": "buy", "amount": 0.5}, {"trade_seq": 4268, "trade_id": "126074070", "timestamp": 1612826794331, "tick_direction": 1, "price": 0.444, "mark_price": 0.44327543, "iv": 130.18, "instrument_name": "BTC-26MAR21-28000-C", "index_price": 46692.52, "direction": "buy", "amount": 0.2}, {"trade_seq": 4267, "trade_id": "126074021", "timestamp": 1612826793898, "tick_direction": 1, "price": 0.444, "mark_price": 0.4431013, "iv": 130.52, "instrument_name": "BTC-26MAR21-28000-C", "index_price": 46680.5, "direction": "buy", "amount": 0.4}, {"trade_seq": 4266, "trade_id": "126074012", "timestamp": 1612826793824, "tick_direction": 1, "price": 0.444, "mark_price": 0.4431013, "iv": 130.52, "instrument_name": "BTC-26MAR21-28000-C", "index_price": 46680.5, "direction": "buy", "amount": 0.1}, {"trade_seq": 4265, "trade_id": "126073898", "timestamp": 1612826791975, "tick_direction": 1, "price": 0.444, "mark_price": 0.4427631, "iv": 131.04, "instrument_name": "BTC-26MAR21-28000-C", "index_price": 46677.37, "direction": "buy", "amount": 0.2}, {"trade_seq": 4264, "trade_id": "126073880", "timestamp": 1612826791713, "tick_direction": 0, "price": 0.444, "mark_price": 0.4427631, "iv": 131.04, "instrument_name": "BTC-26MAR21-28000-C", "index_price": 46659.77, "direction": "buy", "amount": 0.1}, {"trade_seq": 4263, "trade_id": "126005320", "timestamp": 1612814021749, "tick_direction": 0, "price": 0.3955, "mark_price": 0.39568682, "iv": 119.34, "instrument_name": "BTC-26MAR21-28000-C", "index_price": 42946.62, "direction": "sell", "amount": 0.1}, {"trade_seq": 4262, "trade_id": "126005155", "timestamp": 1612813995681, "tick_direction": 1, "price": 0.3945, "mark_price": 0.39461899, "iv": 119.44, "instrument_name": "BTC-26MAR21-28000-C", "index_price": 42863.08, "direction": "sell", "amount": 0.1}, {"trade_seq": 4261, "trade_id": "126005146", "timestamp": 1612813987032, "tick_direction": 1, "price": 0.3945, "mark_price": 0.39465488, "iv": 119.44, "instrument_name": "BTC-26MAR21-28000-C", "index_price": 42864.2, "direction": "sell", "amount": 0.1}, {"trade_seq": 4260, "trade_id": "126005145", "timestamp": 1612813979869, "tick_direction": 0, "price": 0.3945, "mark_price": 0.39470667, "iv": 119.33, "instrument_name": "BTC-26MAR21-28000-C", "index_price": 42869.1, "direction": "sell", "amount": 0.1}, {"trade_seq": 4259, "trade_id": "126004966", "timestamp": 1612813903031, "tick_direction": 0, "price": 0.394, "mark_price": 0.39420674, "iv": 119.17, "instrument_name": "BTC-26MAR21-28000-C", "index_price": 42834.91, "direction": "sell", "amount": 0.1}, {"trade_seq": 4258, "trade_id": "126004666", "timestamp": 1612813803257, "tick_direction": 1, "price": 0.3935, "mark_price": 0.39346611, "iv": 119.47, "instrument_name": "BTC-26MAR21-28000-C", "index_price": 42772.95, "direction": "sell", "amount": 0.1}, {"trade_seq": 4257, "trade_id": "126004658", "timestamp": 1612813797474, "tick_direction": 0, "price": 0.3935, "mark_price": 0.39333985, "iv": 119.64, "instrument_name": "BTC-26MAR21-28000-C", "index_price": 42779.98, "direction": "sell", "amount": 0.1}, {"trade_seq": 4256, "trade_id": "126004309", "timestamp": 1612813782998, "tick_direction": 2, "price": 0.393, "mark_price": 0.3934677, "iv": 118.51, "instrument_name": "BTC-26MAR21-28000-C", "index_price": 42769.45, "direction": "sell", "amount": 0.1}, {"trade_seq": 4255, "trade_id": "126003835", "timestamp": 1612813634892, "tick_direction": 2, "price": 0.3945, "mark_price": 0.39498531, "iv": 119.23, "instrument_name": "BTC-26MAR21-28000-C", "index_price": 42861.71, "direction": "sell", "amount": 0.1}, {"trade_seq": 4254, "trade_id": "126003529", "timestamp": 1612813570619, "tick_direction": 3, "price": 0.396, "mark_price": 0.39650373, "iv": 119.23, "instrument_name": "BTC-26MAR21-28000-C", "index_price": 42984.51, "direction": "sell", "amount": 0.1}, {"trade_seq": 4253, "trade_id": "126002374", "timestamp": 1612813128417, "tick_direction": 2, "price": 0.396, "mark_price": 0.3963598, "iv": 118.77, "instrument_name": "BTC-26MAR21-28000-C", "index_price": 42979.44, "direction": "sell", "amount": 0.1}, {"trade_seq": 4252, "trade_id": "126001293", "timestamp": 1612812782217, "tick_direction": 0, "price": 0.3965, "mark_price": 0.39676125, "iv": 118.89, "instrument_name": "BTC-26MAR21-28000-C", "index_price": 43011.4, "direction": "sell", "amount": 0.1}, {"trade_seq": 4251, "trade_id": "125998879", "timestamp": 1612811924241, "tick_direction": 3, "price": 0.3955, "mark_price": 0.39616076, "iv": 118.35, "instrument_name": "BTC-26MAR21-28000-C", "index_price": 42913.89, "direction": "sell", "amount": 0.1}, {"trade_seq": 4250, "trade_id": "125998780", "timestamp": 1612811902013, "tick_direction": 2, "price": 0.3955, "mark_price": 0.39625263, "iv": 118.19, "instrument_name": "BTC-26MAR21-28000-C", "index_price": 42911.18, "direction": "sell", "amount": 0.1}, {"trade_seq": 4249, "trade_id": "125998366", "timestamp": 1612811660699, "tick_direction": 2, "price": 0.396, "mark_price": 0.39637454, "iv": 118.89, "instrument_name": "BTC-26MAR21-28000-C", "index_price": 42945.74, "direction": "sell", "amount": 0.1}, {"trade_seq": 4248, "trade_id": "125997934", "timestamp": 1612811483100, "tick_direction": 0, "price": 0.397, "mark_price": 0.39726226, "iv": 119.11, "instrument_name": "BTC-26MAR21-28000-C", "index_price": 42978.19, "direction": "sell", "amount": 0.1}, {"trade_seq": 4247, "trade_id": "125993356", "timestamp": 1612809890139, "tick_direction": 3, "price": 0.396, "mark_price": 0.39509292, "iv": 121.06, "instrument_name": "BTC-26MAR21-28000-C", "index_price": 42820.28, "direction": "sell", "amount": 0.1}, {"trade_seq": 4246, "trade_id": "125993338", "timestamp": 1612809882524, "tick_direction": 3, "price": 0.396, "mark_price": 0.39531169, "iv": 120.71, "instrument_name": "BTC-26MAR21-28000-C", "index_price": 42840.73, "direction": "sell", "amount": 0.1}, {"trade_seq": 4245, "trade_id": "125993313", "timestamp": 1612809877860, "tick_direction": 3, "price": 0.396, "mark_price": 0.39546756, "iv": 120.56, "instrument_name": "BTC-26MAR21-28000-C", "index_price": 42845.57, "direction": "sell", "amount": 0.1}, {"trade_seq": 4244, "trade_id": "125993276", "timestamp": 1612809874792, "tick_direction": 3, "price": 0.396, "mark_price": 0.39555703, "iv": 120.28, "instrument_name": "BTC-26MAR21-28000-C", "index_price": 42860.64, "direction": "sell", "amount": 0.1}, {"trade_seq": 4243, "trade_id": "125993273", "timestamp": 1612809872019, "tick_direction": 3, "price": 0.396, "mark_price": 0.39575614, "iv": 119.95, "instrument_name": "BTC-26MAR21-28000-C", "index_price": 42879.08, "direction": "sell", "amount": 0.1}, {"trade_seq": 4242, "trade_id": "125993264", "timestamp": 1612809871737, "tick_direction": 2, "price": 0.396, "mark_price": 0.39581937, "iv": 119.95, "instrument_name": "BTC-26MAR21-28000-C", "index_price": 42879.08, "direction": "sell", "amount": 0.1}, {"trade_seq": 4241, "trade_id": "125982450", "timestamp": 1612805793731, "tick_direction": 2, "price": 0.401, "mark_price": 0.40006655, "iv": 121.3, "instrument_name": "BTC-26MAR21-28000-C", "index_price": 43223.17, "direction": "sell", "amount": 0.2}, {"trade_seq": 4240, "trade_id": "125982447", "timestamp": 1612805790606, "tick_direction": 1, "price": 0.4015, "mark_price": 0.40010256, "iv": 122.07, "instrument_name": "BTC-26MAR21-28000-C", "index_price": 43224.37, "direction": "sell", "amount": 0.1}, {"trade_seq": 4239, "trade_id": "125982438", "timestamp": 1612805788295, "tick_direction": 0, "price": 0.4015, "mark_price": 0.40027922, "iv": 121.78, "instrument_name": "BTC-26MAR21-28000-C", "index_price": 43231.61, "direction": "sell", "amount": 0.1}, {"trade_seq": 4238, "trade_id": "125982437", "timestamp": 1612805788125, "tick_direction": 1, "price": 0.401, "mark_price": 0.40027922, "iv": 120.93, "instrument_name": "BTC-26MAR21-28000-C", "index_price": 43231.61, "direction": "sell", "amount": 0.1}, {"trade_seq": 4237, "trade_id": "125982436", "timestamp": 1612805788089, "tick_direction": 1, "price": 0.401, "mark_price": 0.40027922, "iv": 120.93, "instrument_name": "BTC-26MAR21-28000-C", "index_price": 43231.61, "direction": "sell", "amount": 0.1}, {"trade_seq": 4236, "trade_id": "125982433", "timestamp": 1612805787865, "tick_direction": 1, "price": 0.401, "mark_price": 0.40027922, "iv": 120.91, "instrument_name": "BTC-26MAR21-28000-C", "index_price": 43241.49, "direction": "sell", "amount": 0.3}, {"trade_seq": 4235, "trade_id": "125982430", "timestamp": 1612805787669, "tick_direction": 1, "price": 0.401, "mark_price": 0.40027922, "iv": 120.91, "instrument_name": "BTC-26MAR21-28000-C", "index_price": 43241.49, "direction": "sell", "amount": 0.2}, {"trade_seq": 4234, "trade_id": "125982375", "timestamp": 1612805782415, "tick_direction": 1, "price": 0.401, "mark_price": 0.40026773, "iv": 120.89, "instrument_name": "BTC-26MAR21-28000-C", "index_price": 43244.26, "direction": "sell", "amount": 0.1}, {"trade_seq": 4233, "trade_id": "125982371", "timestamp": 1612805781875, "tick_direction": 1, "price": 0.401, "mark_price": 0.40026773, "iv": 120.91, "instrument_name": "BTC-26MAR21-28000-C", "index_price": 43242.79, "direction": "sell", "amount": 1.0}, {"trade_seq": 4232, "trade_id": "125982370", "timestamp": 1612805781872, "tick_direction": 0, "price": 0.401, "mark_price": 0.40026773, "iv": 120.91, "instrument_name": "BTC-26MAR21-28000-C", "index_price": 43242.79, "direction": "buy", "amount": 1.0}, {"trade_seq": 4231, "trade_id": "125982324", "timestamp": 1612805750421, "tick_direction": 1, "price": 0.4005, "mark_price": 0.4002624, "iv": 120.01, "instrument_name": "BTC-26MAR21-28000-C", "index_price": 43245.97, "direction": "buy", "amount": 0.1}, {"trade_seq": 4230, "trade_id": "125982316", "timestamp": 1612805738437, "tick_direction": 1, "price": 0.4005, "mark_price": 0.40031081, "iv": 120.02, "instrument_name": "BTC-26MAR21-28000-C", "index_price": 43243.01, "direction": "buy", "amount": 0.1}, {"trade_seq": 4229, "trade_id": "125982313", "timestamp": 1612805738296, "tick_direction": 1, "price": 0.4005, "mark_price": 0.40031081, "iv": 120.02, "instrument_name": "BTC-26MAR21-28000-C", "index_price": 43243.01, "direction": "buy", "amount": 0.1}, {"trade_seq": 4228, "trade_id": "125982289", "timestamp": 1612805723412, "tick_direction": 1, "price": 0.4005, "mark_price": 0.40024784, "iv": 120.06, "instrument_name": "BTC-26MAR21-28000-C", "index_price": 43236.11, "direction": "buy", "amount": 0.1}, {"trade_seq": 4227, "trade_id": "125982275", "timestamp": 1612805719178, "tick_direction": 1, "price": 0.4005, "mark_price": 0.40045552, "iv": 119.68, "instrument_name": "BTC-26MAR21-28000-C", "index_price": 43253.74, "direction": "buy", "amount": 0.1}, {"trade_seq": 4226, "trade_id": "125982272", "timestamp": 1612805718800, "tick_direction": 0, "price": 0.4005, "mark_price": 0.40045552, "iv": 119.68, "instrument_name": "BTC-26MAR21-28000-C", "index_price": 43253.74, "direction": "buy", "amount": 0.2}, {"trade_seq": 4225, "trade_id": "125978943", "timestamp": 1612804472739, "tick_direction": 0, "price": 0.397, "mark_price": 0.39715804, "iv": 119.31, "instrument_name": "BTC-26MAR21-28000-C", "index_price": 42974.01, "direction": "buy", "amount": 0.1}, {"trade_seq": 4224, "trade_id": "125978777", "timestamp": 1612804442396, "tick_direction": 3, "price": 0.3965, "mark_price": 0.39652225, "iv": 119.5, "instrument_name": "BTC-26MAR21-28000-C", "index_price": 42922.7, "direction": "buy", "amount": 0.1}, {"trade_seq": 4223, "trade_id": "125978772", "timestamp": 1612804438528, "tick_direction": 3, "price": 0.3965, "mark_price": 0.39653328, "iv": 119.5, "instrument_name": "BTC-26MAR21-28000-C", "index_price": 42914.28, "direction": "buy", "amount": 0.1}, {"trade_seq": 4222, "trade_id": "125978771", "timestamp": 1612804438461, "tick_direction": 2, "price": 0.3965, "mark_price": 0.39653328, "iv": 119.5, "instrument_name": "BTC-26MAR21-28000-C", "index_price": 42914.28, "direction": "buy", "amount": 0.1}, {"trade_seq": 4221, "trade_id": "125939800", "timestamp": 1612798949523, "tick_direction": 0, "price": 0.408, "mark_price": 0.40724541, "iv": 120.66, "instrument_name": "BTC-26MAR21-28000-C", "index_price": 43878.75, "direction": "sell", "amount": 0.4}, {"trade_seq": 4220, "trade_id": "125862482", "timestamp": 1612791193646, "tick_direction": 2, "price": 0.4055, "mark_price": 0.40579709, "iv": 120.06, "instrument_name": "BTC-26MAR21-28000-C", "index_price": 43976.33, "direction": "sell", "amount": 0.1}, {"trade_seq": 4219, "trade_id": "125845881", "timestamp": 1612790741695, "tick_direction": 1, "price": 0.411, "mark_price": 0.41161117, "iv": 118.51, "instrument_name": "BTC-26MAR21-28000-C", "index_price": 44381.95, "direction": "buy", "amount": 0.1}, {"trade_seq": 4218, "trade_id": "125845841", "timestamp": 1612790741101, "tick_direction": 0, "price": 0.411, "mark_price": 0.41166519, "iv": 118.58, "instrument_name": "BTC-26MAR21-28000-C", "index_price": 44345.55, "direction": "buy", "amount": 0.1}, {"trade_seq": 4217, "trade_id": "125845505", "timestamp": 1612790733608, "tick_direction": 0, "price": 0.41, "mark_price": 0.41062303, "iv": 118.36, "instrument_name": "BTC-26MAR21-28000-C", "index_price": 44278.69, "direction": "buy", "amount": 2.0}, {"trade_seq": 4216, "trade_id": "125805189", "timestamp": 1612789370179, "tick_direction": 1, "price": 0.405, "mark_price": 0.40607593, "iv": 112.54, "instrument_name": "BTC-26MAR21-28000-C", "index_price": 43539.24, "direction": "sell", "amount": 0.1}, {"trade_seq": 4215, "trade_id": "125802799", "timestamp": 1612789316979, "tick_direction": 1, "price": 0.405, "mark_price": 0.40599203, "iv": 112.4, "instrument_name": "BTC-26MAR21-28000-C", "index_price": 43458.81, "direction": "buy", "amount": 1.5}, {"trade_seq": 4214, "trade_id": "125802790", "timestamp": 1612789316806, "tick_direction": 0, "price": 0.405, "mark_price": 0.40599203, "iv": 112.4, "instrument_name": "BTC-26MAR21-28000-C", "index_price": 43458.81, "direction": "buy", "amount": 0.5}, {"trade_seq": 4213, "trade_id": "125801770", "timestamp": 1612789302306, "tick_direction": 1, "price": 0.4, "mark_price": 0.40760523, "iv": 97.36, "instrument_name": "BTC-26MAR21-28000-C", "index_price": 43564.74, "direction": "buy", "amount": 2.0}, {"trade_seq": 4212, "trade_id": "125790612", "timestamp": 1612789088233, "tick_direction": 0, "price": 0.4, "mark_price": 0.39960731, "iv": 113.04, "instrument_name": "BTC-26MAR21-28000-C", "index_price": 42948.27, "direction": "buy", "amount": 0.1}, {"trade_seq": 4211, "trade_id": "125761269", "timestamp": 1612788563266, "tick_direction": 0, "price": 0.37, "mark_price": 0.36959782, "iv": 111.23, "instrument_name": "BTC-26MAR21-28000-C", "index_price": 40985.07, "direction": "sell", "amount": 0.1}, {"trade_seq": 4210, "trade_id": "125534478", "timestamp": 1612705571322, "tick_direction": 2, "price": 0.326, "mark_price": 0.32954327, "iv": 104.26, "instrument_name": "BTC-26MAR21-28000-C", "index_price": 38586.71, "direction": "sell", "amount": 0.1}, {"trade_seq": 4209, "trade_id": "125508386", "timestamp": 1612694099668, "tick_direction": 3, "price": 0.3385, "mark_price": 0.33905967, "iv": 105.95, "instrument_name": "BTC-26MAR21-28000-C", "index_price": 39282.53, "direction": "buy", "amount": 0.1}, {"trade_seq": 4208, "trade_id": "125508385", "timestamp": 1612694099623, "tick_direction": 3, "price": 0.3385, "mark_price": 0.33905967, "iv": 105.95, "instrument_name": "BTC-26MAR21-28000-C", "index_price": 39282.53, "direction": "buy", "amount": 0.1}, {"trade_seq": 4207, "trade_id": "125508368", "timestamp": 1612694098103, "tick_direction": 3, "price": 0.3385, "mark_price": 0.33923347, "iv": 105.93, "instrument_name": "BTC-26MAR21-28000-C", "index_price": 39284.57, "direction": "buy", "amount": 0.1}, {"trade_seq": 4206, "trade_id": "125508367", "timestamp": 1612694097955, "tick_direction": 2, "price": 0.3385, "mark_price": 0.33923347, "iv": 105.93, "instrument_name": "BTC-26MAR21-28000-C", "index_price": 39284.57, "direction": "buy", "amount": 0.2}, {"trade_seq": 4205, "trade_id": "125508350", "timestamp": 1612694095897, "tick_direction": 2, "price": 0.339, "mark_price": 0.338982, "iv": 106.49, "instrument_name": "BTC-26MAR21-28000-C", "index_price": 39299.18, "direction": "buy", "amount": 0.1}, {"trade_seq": 4204, "trade_id": "125507412", "timestamp": 1612693735299, "tick_direction": 2, "price": 0.3425, "mark_price": 0.3431342, "iv": 105.74, "instrument_name": "BTC-26MAR21-28000-C", "index_price": 39573.7, "direction": "buy", "amount": 0.1}, {"trade_seq": 4203, "trade_id": "125507064", "timestamp": 1612693304087, "tick_direction": 2, "price": 0.343, "mark_price": 0.34358391, "iv": 105.83, "instrument_name": "BTC-26MAR21-28000-C", "index_price": 39616.19, "direction": "buy", "amount": 0.1}, {"trade_seq": 4202, "trade_id": "125506971", "timestamp": 1612693229370, "tick_direction": 3, "price": 0.344, "mark_price": 0.34440297, "iv": 106.0, "instrument_name": "BTC-26MAR21-28000-C", "index_price": 39691.07, "direction": "buy", "amount": 0.1}, {"trade_seq": 4201, "trade_id": "125506970", "timestamp": 1612693229316, "tick_direction": 2, "price": 0.344, "mark_price": 0.34440297, "iv": 106.0, "instrument_name": "BTC-26MAR21-28000-C", "index_price": 39691.07, "direction": "buy", "amount": 0.1}, {"trade_seq": 4200, "trade_id": "125504480", "timestamp": 1612691629494, "tick_direction": 0, "price": 0.3445, "mark_price": 0.3448204, "iv": 106.75, "instrument_name": "BTC-26MAR21-28000-C", "index_price": 39684.5, "direction": "buy", "amount": 0.1}, {"trade_seq": 4199, "trade_id": "125480206", "timestamp": 1612681858347, "tick_direction": 2, "price": 0.334, "mark_price": 0.33589464, "iv": 106.11, "instrument_name": "BTC-26MAR21-28000-C", "index_price": 38868.08, "direction": "buy", "amount": 3.5}, {"trade_seq": 4198, "trade_id": "125479920", "timestamp": 1612681796034, "tick_direction": 1, "price": 0.3355, "mark_price": 0.3363727, "iv": 107.23, "instrument_name": "BTC-26MAR21-28000-C", "index_price": 38906.14, "direction": "buy", "amount": 0.1}, {"trade_seq": 4197, "trade_id": "125479919", "timestamp": 1612681795994, "tick_direction": 1, "price": 0.3355, "mark_price": 0.3363727, "iv": 107.23, "instrument_name": "BTC-26MAR21-28000-C", "index_price": 38906.14, "direction": "buy", "amount": 0.2}, {"trade_seq": 4196, "trade_id": "125479912", "timestamp": 1612681795621, "tick_direction": 1, "price": 0.3355, "mark_price": 0.3363727, "iv": 107.5, "instrument_name": "BTC-26MAR21-28000-C", "index_price": 38906.14, "direction": "buy", "amount": 0.1}, {"trade_seq": 4195, "trade_id": "125479911", "timestamp": 1612681795561, "tick_direction": 1, "price": 0.3355, "mark_price": 0.3363727, "iv": 107.5, "instrument_name": "BTC-26MAR21-28000-C", "index_price": 38906.14, "direction": "buy", "amount": 0.1}, {"trade_seq": 4194, "trade_id": "125479908", "timestamp": 1612681795438, "tick_direction": 1, "price": 0.3355, "mark_price": 0.33639594, "iv": 107.5, "instrument_name": "BTC-26MAR21-28000-C", "index_price": 38906.14, "direction": "buy", "amount": 0.1}, {"trade_seq": 4193, "trade_id": "125479900", "timestamp": 1612681795346, "tick_direction": 1, "price": 0.3355, "mark_price": 0.33639594, "iv": 107.5, "instrument_name": "BTC-26MAR21-28000-C", "index_price": 38906.14, "direction": "buy", "amount": 0.1}, {"trade_seq": 4192, "trade_id": "125479898", "timestamp": 1612681795247, "tick_direction": 0, "price": 0.3355, "mark_price": 0.33639594, "iv": 107.47, "instrument_name": "BTC-26MAR21-28000-C", "index_price": 38894.31, "direction": "buy", "amount": 0.3}, {"trade_seq": 4191, "trade_id": "125479796", "timestamp": 1612681783191, "tick_direction": 1, "price": 0.335, "mark_price": 0.33621199, "iv": 106.96, "instrument_name": "BTC-26MAR21-28000-C", "index_price": 38886.48, "direction": "buy", "amount": 0.5}, {"trade_seq": 4190, "trade_id": "125479794", "timestamp": 1612681782413, "tick_direction": 1, "price": 0.335, "mark_price": 0.33611653, "iv": 107.05, "instrument_name": "BTC-26MAR21-28000-C", "index_price": 38885.38, "direction": "buy", "amount": 0.1}, {"trade_seq": 4189, "trade_id": "125479793", "timestamp": 1612681782339, "tick_direction": 1, "price": 0.335, "mark_price": 0.33611653, "iv": 107.05, "instrument_name": "BTC-26MAR21-28000-C", "index_price": 38885.38, "direction": "buy", "amount": 0.1}, {"trade_seq": 4188, "trade_id": "125479792", "timestamp": 1612681782209, "tick_direction": 1, "price": 0.335, "mark_price": 0.33611653, "iv": 107.05, "instrument_name": "BTC-26MAR21-28000-C", "index_price": 38885.38, "direction": "buy", "amount": 0.5}, {"trade_seq": 4187, "trade_id": "125479791", "timestamp": 1612681782084, "tick_direction": 0, "price": 0.335, "mark_price": 0.33611653, "iv": 107.18, "instrument_name": "BTC-26MAR21-28000-C", "index_price": 38881.71, "direction": "buy", "amount": 1.5}, {"trade_seq": 4186, "trade_id": "125479743", "timestamp": 1612681762318, "tick_direction": 3, "price": 0.3345, "mark_price": 0.33595708, "iv": 106.74, "instrument_name": "BTC-26MAR21-28000-C", "index_price": 38865.48, "direction": "buy", "amount": 1.0}, {"trade_seq": 4185, "trade_id": "125479581", "timestamp": 1612681754150, "tick_direction": 3, "price": 0.3345, "mark_price": 0.33603951, "iv": 106.51, "instrument_name": "BTC-26MAR21-28000-C", "index_price": 38872.02, "direction": "buy", "amount": 0.2}, {"trade_seq": 4184, "trade_id": "125479579", "timestamp": 1612681754115, "tick_direction": 2, "price": 0.3345, "mark_price": 0.33603951, "iv": 106.51, "instrument_name": "BTC-26MAR21-28000-C", "index_price": 38872.02, "direction": "buy", "amount": 0.8}, {"trade_seq": 4183, "trade_id": "125370159", "timestamp": 1612639501288, "tick_direction": 1, "price": 0.358, "mark_price": 0.35806164, "iv": 110.13, "instrument_name": "BTC-26MAR21-28000-C", "index_price": 40326.72, "direction": "sell", "amount": 0.1}, {"trade_seq": 4182, "trade_id": "125370157", "timestamp": 1612639501229, "tick_direction": 1, "price": 0.358, "mark_price": 0.35806164, "iv": 110.13, "instrument_name": "BTC-26MAR21-28000-C", "index_price": 40326.72, "direction": "sell", "amount": 0.2}, {"trade_seq": 4181, "trade_id": "125369010", "timestamp": 1612638814841, "tick_direction": 1, "price": 0.358, "mark_price": 0.35801722, "iv": 109.73, "instrument_name": "BTC-26MAR21-28000-C", "index_price": 40362.03, "direction": "sell", "amount": 0.1}, {"trade_seq": 4180, "trade_id": "125369009", "timestamp": 1612638814795, "tick_direction": 0, "price": 0.358, "mark_price": 0.35801722, "iv": 109.73, "instrument_name": "BTC-26MAR21-28000-C", "index_price": 40362.03, "direction": "sell", "amount": 0.3}, {"trade_seq": 4179, "trade_id": "125314692", "timestamp": 1612618060744, "tick_direction": 2, "price": 0.356, "mark_price": 0.35678227, "iv": 106.76, "instrument_name": "BTC-26MAR21-28000-C", "index_price": 40288.88, "direction": "sell", "amount": 0.5}, {"trade_seq": 4178, "trade_id": "125314524", "timestamp": 1612618021313, "tick_direction": 3, "price": 0.3565, "mark_price": 0.35630414, "iv": 108.14, "instrument_name": "BTC-26MAR21-28000-C", "index_price": 40261.85, "direction": "buy", "amount": 0.1}, {"trade_seq": 4177, "trade_id": "125314515", "timestamp": 1612618019086, "tick_direction": 2, "price": 0.3565, "mark_price": 0.35626849, "iv": 108.24, "instrument_name": "BTC-26MAR21-28000-C", "index_price": 40258.45, "direction": "buy", "amount": 0.1}, {"trade_seq": 4176, "trade_id": "125308012", "timestamp": 1612615607545, "tick_direction": 1, "price": 0.357, "mark_price": 0.35511879, "iv": 110.22, "instrument_name": "BTC-26MAR21-28000-C", "index_price": 40210.72, "direction": "sell", "amount": 0.1}, {"trade_seq": 4175, "trade_id": "125308011", "timestamp": 1612615607518, "tick_direction": 1, "price": 0.357, "mark_price": 0.35511879, "iv": 110.22, "instrument_name": "BTC-26MAR21-28000-C", "index_price": 40210.72, "direction": "sell", "amount": 0.2}, {"trade_seq": 4174, "trade_id": "125308010", "timestamp": 1612615607497, "tick_direction": 1, "price": 0.357, "mark_price": 0.35511879, "iv": 110.22, "instrument_name": "BTC-26MAR21-28000-C", "index_price": 40210.72, "direction": "sell", "amount": 0.1}, {"trade_seq": 4173, "trade_id": "125307998", "timestamp": 1612615607176, "tick_direction": 1, "price": 0.357, "mark_price": 0.35511879, "iv": 110.22, "instrument_name": "BTC-26MAR21-28000-C", "index_price": 40210.72, "direction": "sell", "amount": 0.3}, {"trade_seq": 4172, "trade_id": "125307997", "timestamp": 1612615607112, "tick_direction": 1, "price": 0.357, "mark_price": 0.35511879, "iv": 110.22, "instrument_name": "BTC-26MAR21-28000-C", "index_price": 40210.72, "direction": "sell", "amount": 0.3}, {"trade_seq": 4171, "trade_id": "125307995", "timestamp": 1612615606947, "tick_direction": 1, "price": 0.357, "mark_price": 0.35521596, "iv": 110.22, "instrument_name": "BTC-26MAR21-28000-C", "index_price": 40211.7, "direction": "sell", "amount": 0.1}, {"trade_seq": 4170, "trade_id": "125307994", "timestamp": 1612615606865, "tick_direction": 1, "price": 0.357, "mark_price": 0.35521596, "iv": 110.22, "instrument_name": "BTC-26MAR21-28000-C", "index_price": 40211.7, "direction": "sell", "amount": 0.2}, {"trade_seq": 4169, "trade_id": "125307988", "timestamp": 1612615605584, "tick_direction": 1, "price": 0.357, "mark_price": 0.35523055, "iv": 110.08, "instrument_name": "BTC-26MAR21-28000-C", "index_price": 40215.8, "direction": "sell", "amount": 0.1}, {"trade_seq": 4168, "trade_id": "125307986", "timestamp": 1612615605491, "tick_direction": 1, "price": 0.357, "mark_price": 0.35523055, "iv": 110.08, "instrument_name": "BTC-26MAR21-28000-C", "index_price": 40215.8, "direction": "sell", "amount": 0.1}, {"trade_seq": 4167, "trade_id": "125307985", "timestamp": 1612615605431, "tick_direction": 1, "price": 0.357, "mark_price": 0.35523055, "iv": 110.08, "instrument_name": "BTC-26MAR21-28000-C", "index_price": 40215.8, "direction": "sell", "amount": 0.2}, {"trade_seq": 4166, "trade_id": "125307982", "timestamp": 1612615605342, "tick_direction": 1, "price": 0.357, "mark_price": 0.35523055, "iv": 110.08, "instrument_name": "BTC-26MAR21-28000-C", "index_price": 40215.8, "direction": "sell", "amount": 0.1}, {"trade_seq": 4165, "trade_id": "125307935", "timestamp": 1612615605027, "tick_direction": 1, "price": 0.357, "mark_price": 0.3552283, "iv": 110.05, "instrument_name": "BTC-26MAR21-28000-C", "index_price": 40219.15, "direction": "sell", "amount": 0.1}, {"trade_seq": 4164, "trade_id": "125307928", "timestamp": 1612615604951, "tick_direction": 1, "price": 0.357, "mark_price": 0.3552283, "iv": 110.05, "instrument_name": "BTC-26MAR21-28000-C", "index_price": 40219.15, "direction": "sell", "amount": 0.1}, {"trade_seq": 4163, "trade_id": "125307921", "timestamp": 1612615603773, "tick_direction": 1, "price": 0.357, "mark_price": 0.35524971, "iv": 110.05, "instrument_name": "BTC-26MAR21-28000-C", "index_price": 40220.82, "direction": "sell", "amount": 0.1}, {"trade_seq": 4162, "trade_id": "125307920", "timestamp": 1612615603721, "tick_direction": 1, "price": 0.357, "mark_price": 0.35524971, "iv": 110.05, "instrument_name": "BTC-26MAR21-28000-C", "index_price": 40220.82, "direction": "sell", "amount": 0.1}, {"trade_seq": 4161, "trade_id": "125307919", "timestamp": 1612615603649, "tick_direction": 1, "price": 0.357, "mark_price": 0.35524971, "iv": 110.05, "instrument_name": "BTC-26MAR21-28000-C", "index_price": 40220.82, "direction": "sell", "amount": 0.3}, {"trade_seq": 4160, "trade_id": "125307903", "timestamp": 1612615601476, "tick_direction": 1, "price": 0.357, "mark_price": 0.35528533, "iv": 109.97, "instrument_name": "BTC-26MAR21-28000-C", "index_price": 40222.69, "direction": "sell", "amount": 0.1}, {"trade_seq": 4159, "trade_id": "125307902", "timestamp": 1612615601428, "tick_direction": 1, "price": 0.357, "mark_price": 0.35528533, "iv": 109.97, "instrument_name": "BTC-26MAR21-28000-C", "index_price": 40222.69, "direction": "sell", "amount": 0.1}, {"trade_seq": 4158, "trade_id": "125307901", "timestamp": 1612615601362, "tick_direction": 1, "price": 0.357, "mark_price": 0.35528533, "iv": 109.97, "instrument_name": "BTC-26MAR21-28000-C", "index_price": 40222.69, "direction": "sell", "amount": 0.2}, {"trade_seq": 4157, "trade_id": "125307899", "timestamp": 1612615600638, "tick_direction": 1, "price": 0.357, "mark_price": 0.35532384, "iv": 109.91, "instrument_name": "BTC-26MAR21-28000-C", "index_price": 40225.67, "direction": "sell", "amount": 4.0}, {"trade_seq": 4156, "trade_id": "125307898", "timestamp": 1612615600627, "tick_direction": 1, "price": 0.357, "mark_price": 0.35532384, "iv": 109.91, "instrument_name": "BTC-26MAR21-28000-C", "index_price": 40225.67, "direction": "sell", "amount": 0.1}, {"trade_seq": 4155, "trade_id": "125307897", "timestamp": 1612615600585, "tick_direction": 1, "price": 0.357, "mark_price": 0.35532384, "iv": 109.91, "instrument_name": "BTC-26MAR21-28000-C", "index_price": 40225.67, "direction": "sell", "amount": 0.1}, {"trade_seq": 4154, "trade_id": "125307896", "timestamp": 1612615600464, "tick_direction": 1, "price": 0.357, "mark_price": 0.35532384, "iv": 109.91, "instrument_name": "BTC-26MAR21-28000-C", "index_price": 40225.67, "direction": "sell", "amount": 4.0}, {"trade_seq": 4153, "trade_id": "125307895", "timestamp": 1612615600454, "tick_direction": 1, "price": 0.357, "mark_price": 0.35532384, "iv": 109.91, "instrument_name": "BTC-26MAR21-28000-C", "index_price": 40225.67, "direction": "sell", "amount": 0.1}, {"trade_seq": 4152, "trade_id": "125307880", "timestamp": 1612615599318, "tick_direction": 1, "price": 0.357, "mark_price": 0.35537371, "iv": 109.84, "instrument_name": "BTC-26MAR21-28000-C", "index_price": 40229.17, "direction": "sell", "amount": 0.1}, {"trade_seq": 4151, "trade_id": "125307879", "timestamp": 1612615599277, "tick_direction": 1, "price": 0.357, "mark_price": 0.35537371, "iv": 109.84, "instrument_name": "BTC-26MAR21-28000-C", "index_price": 40229.17, "direction": "sell", "amount": 0.2}, {"trade_seq": 4150, "trade_id": "125307834", "timestamp": 1612615573611, "tick_direction": 1, "price": 0.357, "mark_price": 0.35574786, "iv": 109.21, "instrument_name": "BTC-26MAR21-28000-C", "index_price": 40264.01, "direction": "sell", "amount": 0.1}, {"trade_seq": 4149, "trade_id": "125307830", "timestamp": 1612615573070, "tick_direction": 1, "price": 0.357, "mark_price": 0.35574786, "iv": 109.21, "instrument_name": "BTC-26MAR21-28000-C", "index_price": 40264.01, "direction": "sell", "amount": 0.1}, {"trade_seq": 4148, "trade_id": "125307812", "timestamp": 1612615570058, "tick_direction": 1, "price": 0.357, "mark_price": 0.35565107, "iv": 109.35, "instrument_name": "BTC-26MAR21-28000-C", "index_price": 40258.63, "direction": "sell", "amount": 0.1}, {"trade_seq": 4147, "trade_id": "125307811", "timestamp": 1612615570011, "tick_direction": 1, "price": 0.357, "mark_price": 0.35565107, "iv": 109.35, "instrument_name": "BTC-26MAR21-28000-C", "index_price": 40258.63, "direction": "sell", "amount": 0.3}, {"trade_seq": 4146, "trade_id": "125307804", "timestamp": 1612615569365, "tick_direction": 1, "price": 0.357, "mark_price": 0.35563399, "iv": 109.37, "instrument_name": "BTC-26MAR21-28000-C", "index_price": 40257.07, "direction": "sell", "amount": 0.1}, {"trade_seq": 4145, "trade_id": "125307803", "timestamp": 1612615569290, "tick_direction": 1, "price": 0.357, "mark_price": 0.35563399, "iv": 109.37, "instrument_name": "BTC-26MAR21-28000-C", "index_price": 40257.07, "direction": "sell", "amount": 0.2}, {"trade_seq": 4144, "trade_id": "125307802", "timestamp": 1612615567095, "tick_direction": 1, "price": 0.357, "mark_price": 0.35562375, "iv": 109.39, "instrument_name": "BTC-26MAR21-28000-C", "index_price": 40256.27, "direction": "sell", "amount": 0.1}, {"trade_seq": 4143, "trade_id": "125307801", "timestamp": 1612615567028, "tick_direction": 1, "price": 0.357, "mark_price": 0.35562375, "iv": 109.39, "instrument_name": "BTC-26MAR21-28000-C", "index_price": 40256.27, "direction": "sell", "amount": 0.2}, {"trade_seq": 4142, "trade_id": "125307777", "timestamp": 1612615559319, "tick_direction": 1, "price": 0.357, "mark_price": 0.35567643, "iv": 109.29, "instrument_name": "BTC-26MAR21-28000-C", "index_price": 40259.38, "direction": "sell", "amount": 0.1}, {"trade_seq": 4141, "trade_id": "125307771", "timestamp": 1612615558933, "tick_direction": 1, "price": 0.357, "mark_price": 0.35576777, "iv": 109.29, "instrument_name": "BTC-26MAR21-28000-C", "index_price": 40259.38, "direction": "sell", "amount": 0.1}, {"trade_seq": 4140, "trade_id": "125307770", "timestamp": 1612615558881, "tick_direction": 1, "price": 0.357, "mark_price": 0.35576777, "iv": 109.29, "instrument_name": "BTC-26MAR21-28000-C", "index_price": 40259.38, "direction": "sell", "amount": 0.3}, {"trade_seq": 4139, "trade_id": "125307769", "timestamp": 1612615558767, "tick_direction": 1, "price": 0.357, "mark_price": 0.35576777, "iv": 109.29, "instrument_name": "BTC-26MAR21-28000-C", "index_price": 40259.38, "direction": "sell", "amount": 0.1}, {"trade_seq": 4138, "trade_id": "125307752", "timestamp": 1612615557829, "tick_direction": 1, "price": 0.357, "mark_price": 0.35577399, "iv": 109.16, "instrument_name": "BTC-26MAR21-28000-C", "index_price": 40259.44, "direction": "sell", "amount": 0.1}, {"trade_seq": 4137, "trade_id": "125307749", "timestamp": 1612615557575, "tick_direction": 1, "price": 0.357, "mark_price": 0.35577399, "iv": 109.15, "instrument_name": "BTC-26MAR21-28000-C", "index_price": 40266.2, "direction": "sell", "amount": 0.1}, {"trade_seq": 4136, "trade_id": "125307748", "timestamp": 1612615557506, "tick_direction": 1, "price": 0.357, "mark_price": 0.35577399, "iv": 109.15, "instrument_name": "BTC-26MAR21-28000-C", "index_price": 40266.2, "direction": "sell", "amount": 0.2}, {"trade_seq": 4135, "trade_id": "125307739", "timestamp": 1612615557260, "tick_direction": 1, "price": 0.357, "mark_price": 0.35577399, "iv": 109.15, "instrument_name": "BTC-26MAR21-28000-C", "index_price": 40266.2, "direction": "sell", "amount": 0.2}, {"trade_seq": 4134, "trade_id": "125307731", "timestamp": 1612615557014, "tick_direction": 1, "price": 0.357, "mark_price": 0.35577399, "iv": 109.15, "instrument_name": "BTC-26MAR21-28000-C", "index_price": 40266.2, "direction": "sell", "amount": 0.1}