{"trades": [{"trade_seq": 394, "trade_id": "196196394", "timestamp": 1640258346543, "tick_direction": 0, "price": 0.14, "mark_price": 0.14078635, "iv": 76.41, "instrument_name": "BTC-31DEC21-42000-C", "index_price": 48445.55, "direction": "buy", "amount": 0.1}, {"trade_seq": 393, "trade_id": "195480681", "timestamp": 1639742999950, "tick_direction": 2, "price": 0.126, "mark_price": 0.12808033, "iv": 74.89, "instrument_name": "BTC-31DEC21-42000-C", "index_price": 47036.74, "direction": "sell", "amount": 0.2}, {"trade_seq": 392, "trade_id": "195300938", "timestamp": 1639605411276, "tick_direction": 0, "price": 0.1665, "mark_price": 0.16589498, "iv": 87.58, "instrument_name": "BTC-31DEC21-42000-C", "index_price": 49250.93, "direction": "buy", "amount": 0.1}, {"trade_seq": 391, "trade_id": "194550353", "timestamp": 1639164780459, "tick_direction": 2, "price": 0.159, "mark_price": 0.15883059, "iv": 87.1, "instrument_name": "BTC-31DEC21-42000-C", "index_price": 48116.07, "direction": "buy", "amount": 0.1}, {"trade_seq": 390, "trade_id": "194475940", "timestamp": 1639143335961, "tick_direction": 0, "price": 0.1825, "mark_price": 0.18138828, "iv": 89.73, "instrument_name": "BTC-31DEC21-42000-C", "index_price": 49722.77, "direction": "buy", "amount": 6.9}, {"trade_seq": 389, "trade_id": "193352177", "timestamp": 1638614566805, "tick_direction": 2, "price": 0.1555, "mark_price": 0.15436165, "iv": 89.1, "instrument_name": "BTC-31DEC21-42000-C", "index_price": 46971.7, "direction": "sell", "amount": 5.0}, {"trade_seq": 388, "trade_id": "193348638", "timestamp": 1638613653468, "tick_direction": 2, "price": 0.161, "mark_price": 0.16011367, "iv": 88.66, "instrument_name": "BTC-31DEC21-42000-C", "index_price": 47478.8, "direction": "sell", "amount": 0.1}, {"trade_seq": 387, "trade_id": "193233224", "timestamp": 1638596883097, "tick_direction": 2, "price": 0.165, "mark_price": 0.15501225, "iv": 102.1, "instrument_name": "BTC-31DEC21-42000-C", "index_price": 47222.12, "direction": "sell", "amount": 0.2}, {"trade_seq": 386, "trade_id": "192517071", "timestamp": 1638288853159, "tick_direction": 0, "price": 0.2775, "mark_price": 0.28002805, "iv": 83.47, "instrument_name": "BTC-31DEC21-42000-C", "index_price": 56914.75, "direction": "sell", "amount": 1.0}, {"trade_seq": 385, "trade_id": "192516947", "timestamp": 1638288823254, "tick_direction": 2, "price": 0.2765, "mark_price": 0.2799333, "iv": 81.57, "instrument_name": "BTC-31DEC21-42000-C", "index_price": 56893.91, "direction": "sell", "amount": 1.0}, {"trade_seq": 384, "trade_id": "192485463", "timestamp": 1638285165467, "tick_direction": 2, "price": 0.304, "mark_price": 0.30439673, "iv": 90.23, "instrument_name": "BTC-31DEC21-42000-C", "index_price": 58982.72, "direction": "buy", "amount": 0.1}, {"trade_seq": 383, "trade_id": "189115510", "timestamp": 1636591709138, "tick_direction": 2, "price": 0.373, "mark_price": 0.37322436, "iv": 91.38, "instrument_name": "BTC-31DEC21-42000-C", "index_price": 64646.79, "direction": "buy", "amount": 0.2}, {"trade_seq": 382, "trade_id": "188708323", "timestamp": 1636420718132, "tick_direction": 0, "price": 0.405, "mark_price": 0.40507533, "iv": 94.31, "instrument_name": "BTC-31DEC21-42000-C", "index_price": 67547.62, "direction": "buy", "amount": 0.2}, {"trade_seq": 381, "trade_id": "187870544", "timestamp": 1635905579794, "tick_direction": 2, "price": 0.3675, "mark_price": 0.36695898, "iv": 92.32, "instrument_name": "BTC-31DEC21-42000-C", "index_price": 62909.93, "direction": "sell", "amount": 1.1}, {"trade_seq": 380, "trade_id": "187759286", "timestamp": 1635846569843, "tick_direction": 2, "price": 0.37, "mark_price": 0.37017039, "iv": 91.03, "instrument_name": "BTC-31DEC21-42000-C", "index_price": 63153.79, "direction": "buy", "amount": 0.1}, {"trade_seq": 379, "trade_id": "186346953", "timestamp": 1635146596420, "tick_direction": 0, "price": 0.371, "mark_price": 0.37029302, "iv": 93.88, "instrument_name": "BTC-31DEC21-42000-C", "index_price": 62483.87, "direction": "buy", "amount": 1.5}, {"trade_seq": 378, "trade_id": "186340639", "timestamp": 1635138667261, "tick_direction": 0, "price": 0.366, "mark_price": 0.36567727, "iv": 93.65, "instrument_name": "BTC-31DEC21-42000-C", "index_price": 61920.91, "direction": "buy", "amount": 0.2}, {"trade_seq": 377, "trade_id": "186244011", "timestamp": 1635070638126, "tick_direction": 3, "price": 0.356, "mark_price": 0.35518274, "iv": 92.96, "instrument_name": "BTC-31DEC21-42000-C", "index_price": 60862.04, "direction": "sell", "amount": 1.3}, {"trade_seq": 376, "trade_id": "186244006", "timestamp": 1635070631464, "tick_direction": 2, "price": 0.356, "mark_price": 0.3551984, "iv": 92.95, "instrument_name": "BTC-31DEC21-42000-C", "index_price": 60862.46, "direction": "sell", "amount": 1.7}, {"trade_seq": 375, "trade_id": "186243963", "timestamp": 1635070592300, "tick_direction": 3, "price": 0.36, "mark_price": 0.35519242, "iv": 97.6, "instrument_name": "BTC-31DEC21-42000-C", "index_price": 60865.99, "direction": "sell", "amount": 0.3}, {"trade_seq": 374, "trade_id": "186243962", "timestamp": 1635070592299, "tick_direction": 2, "price": 0.36, "mark_price": 0.35519242, "iv": 97.6, "instrument_name": "BTC-31DEC21-42000-C", "index_price": 60865.99, "direction": "sell", "amount": 1.7}, {"trade_seq": 373, "trade_id": "184988590", "timestamp": 1634535660267, "tick_direction": 0, "price": 0.374, "mark_price": 0.37434934, "iv": 94.37, "instrument_name": "BTC-31DEC21-42000-C", "index_price": 62387.41, "direction": "buy", "amount": 0.1}, {"trade_seq": 372, "trade_id": "184459001", "timestamp": 1634274959273, "tick_direction": 0, "price": 0.36, "mark_price": 0.36057091, "iv": 97.47, "instrument_name": "BTC-31DEC21-42000-C", "index_price": 59826.55, "direction": "buy", "amount": 0.1}, {"trade_seq": 371, "trade_id": "183006659", "timestamp": 1633497551934, "tick_direction": 0, "price": 0.28, "mark_price": 0.28015291, "iv": 90.31, "instrument_name": "BTC-31DEC21-42000-C", "index_price": 51749.99, "direction": "buy", "amount": 0.1}, {"trade_seq": 370, "trade_id": "182900474", "timestamp": 1633434724091, "tick_direction": 0, "price": 0.265, "mark_price": 0.26495995, "iv": 91.12, "instrument_name": "BTC-31DEC21-42000-C", "index_price": 49995.88, "direction": "buy", "amount": 1.0}, {"trade_seq": 369, "trade_id": "182784019", "timestamp": 1633367390863, "tick_direction": 0, "price": 0.247, "mark_price": 0.2477743, "iv": 89.11, "instrument_name": "BTC-31DEC21-42000-C", "index_price": 48540.58, "direction": "buy", "amount": 0.5}, {"trade_seq": 368, "trade_id": "182689774", "timestamp": 1633312967308, "tick_direction": 0, "price": 0.236, "mark_price": 0.23701598, "iv": 87.06, "instrument_name": "BTC-31DEC21-42000-C", "index_price": 47778.02, "direction": "buy", "amount": 0.1}, {"trade_seq": 367, "trade_id": "182542736", "timestamp": 1633191255192, "tick_direction": 2, "price": 0.235, "mark_price": 0.234655, "iv": 86.35, "instrument_name": "BTC-31DEC21-42000-C", "index_price": 47711.5, "direction": "sell", "amount": 0.5}, {"trade_seq": 366, "trade_id": "182529834", "timestamp": 1633182622402, "tick_direction": 2, "price": 0.2395, "mark_price": 0.23906994, "iv": 87.15, "instrument_name": "BTC-31DEC21-42000-C", "index_price": 48057.63, "direction": "buy", "amount": 0.2}, {"trade_seq": 365, "trade_id": "182521577", "timestamp": 1633171703899, "tick_direction": 0, "price": 0.24, "mark_price": 0.23743583, "iv": 89.32, "instrument_name": "BTC-31DEC21-42000-C", "index_price": 47692.16, "direction": "sell", "amount": 0.5}, {"trade_seq": 364, "trade_id": "182379652", "timestamp": 1633087682136, "tick_direction": 0, "price": 0.239, "mark_price": 0.23592801, "iv": 90.37, "instrument_name": "BTC-31DEC21-42000-C", "index_price": 47374.55, "direction": "buy", "amount": 0.1}, {"trade_seq": 363, "trade_id": "182264719", "timestamp": 1633055886103, "tick_direction": 0, "price": 0.1985, "mark_price": 0.19647138, "iv": 89.48, "instrument_name": "BTC-31DEC21-42000-C", "index_price": 43485.41, "direction": "buy", "amount": 0.5}, {"trade_seq": 362, "trade_id": "182248892", "timestamp": 1633041541949, "tick_direction": 0, "price": 0.197, "mark_price": 0.19922419, "iv": 87.39, "instrument_name": "BTC-31DEC21-42000-C", "index_price": 43722.54, "direction": "sell", "amount": 0.1}, {"trade_seq": 361, "trade_id": "182244360", "timestamp": 1633036942463, "tick_direction": 0, "price": 0.196, "mark_price": 0.19522442, "iv": 88.32, "instrument_name": "BTC-31DEC21-42000-C", "index_price": 43443.12, "direction": "sell", "amount": 0.1}, {"trade_seq": 360, "trade_id": "182243998", "timestamp": 1633036278857, "tick_direction": 3, "price": 0.195, "mark_price": 0.19523224, "iv": 87.7, "instrument_name": "BTC-31DEC21-42000-C", "index_price": 43464.28, "direction": "buy", "amount": 0.1}, {"trade_seq": 359, "trade_id": "182243916", "timestamp": 1633036190401, "tick_direction": 2, "price": 0.195, "mark_price": 0.19566772, "iv": 87.56, "instrument_name": "BTC-31DEC21-42000-C", "index_price": 43497.97, "direction": "buy", "amount": 0.1}, {"trade_seq": 358, "trade_id": "182243363", "timestamp": 1633035632346, "tick_direction": 2, "price": 0.1955, "mark_price": 0.19519317, "iv": 88.17, "instrument_name": "BTC-31DEC21-42000-C", "index_price": 43412.56, "direction": "sell", "amount": 0.1}, {"trade_seq": 357, "trade_id": "182243234", "timestamp": 1633035496363, "tick_direction": 0, "price": 0.196, "mark_price": 0.1952175, "iv": 88.39, "instrument_name": "BTC-31DEC21-42000-C", "index_price": 43425.83, "direction": "sell", "amount": 0.1}, {"trade_seq": 356, "trade_id": "182240295", "timestamp": 1633034282127, "tick_direction": 0, "price": 0.1945, "mark_price": 0.19441173, "iv": 88.05, "instrument_name": "BTC-31DEC21-42000-C", "index_price": 43356.06, "direction": "buy", "amount": 0.1}, {"trade_seq": 355, "trade_id": "182211818", "timestamp": 1633018463369, "tick_direction": 3, "price": 0.191, "mark_price": 0.19068885, "iv": 88.18, "instrument_name": "BTC-31DEC21-42000-C", "index_price": 42948.46, "direction": "sell", "amount": 0.1}, {"trade_seq": 354, "trade_id": "182211460", "timestamp": 1633018341413, "tick_direction": 3, "price": 0.191, "mark_price": 0.19094868, "iv": 87.93, "instrument_name": "BTC-31DEC21-42000-C", "index_price": 42983.34, "direction": "sell", "amount": 0.2}, {"trade_seq": 353, "trade_id": "182211459", "timestamp": 1633018341370, "tick_direction": 2, "price": 0.191, "mark_price": 0.19094527, "iv": 87.93, "instrument_name": "BTC-31DEC21-42000-C", "index_price": 42983.34, "direction": "sell", "amount": 0.2}, {"trade_seq": 352, "trade_id": "182185889", "timestamp": 1633003688306, "tick_direction": 0, "price": 0.195, "mark_price": 0.19464578, "iv": 88.75, "instrument_name": "BTC-31DEC21-42000-C", "index_price": 43178.01, "direction": "sell", "amount": 0.1}, {"trade_seq": 351, "trade_id": "182184280", "timestamp": 1633002215879, "tick_direction": 2, "price": 0.1905, "mark_price": 0.19004991, "iv": 87.87, "instrument_name": "BTC-31DEC21-42000-C", "index_price": 42923.87, "direction": "buy", "amount": 0.1}, {"trade_seq": 350, "trade_id": "182157514", "timestamp": 1632986468192, "tick_direction": 0, "price": 0.1955, "mark_price": 0.19461537, "iv": 87.7, "instrument_name": "BTC-31DEC21-42000-C", "index_price": 43405.1, "direction": "buy", "amount": 0.6}, {"trade_seq": 349, "trade_id": "182120210", "timestamp": 1632965183692, "tick_direction": 0, "price": 0.189, "mark_price": 0.18848959, "iv": 87.32, "instrument_name": "BTC-31DEC21-42000-C", "index_price": 42861.61, "direction": "sell", "amount": 0.1}, {"trade_seq": 348, "trade_id": "182111695", "timestamp": 1632964157350, "tick_direction": 0, "price": 0.182, "mark_price": 0.18155772, "iv": 86.54, "instrument_name": "BTC-31DEC21-42000-C", "index_price": 42374.84, "direction": "buy", "amount": 0.1}, {"trade_seq": 347, "trade_id": "182093904", "timestamp": 1632949340421, "tick_direction": 0, "price": 0.17, "mark_price": 0.16926102, "iv": 86.63, "instrument_name": "BTC-31DEC21-42000-C", "index_price": 41192.15, "direction": "buy", "amount": 0.5}, {"trade_seq": 346, "trade_id": "182088490", "timestamp": 1632946596208, "tick_direction": 2, "price": 0.1685, "mark_price": 0.16818322, "iv": 86.85, "instrument_name": "BTC-31DEC21-42000-C", "index_price": 41010.68, "direction": "sell", "amount": 0.3}, {"trade_seq": 345, "trade_id": "182086123", "timestamp": 1632944521274, "tick_direction": 3, "price": 0.171, "mark_price": 0.16963973, "iv": 86.99, "instrument_name": "BTC-31DEC21-42000-C", "index_price": 41214.43, "direction": "buy", "amount": 0.1}, {"trade_seq": 344, "trade_id": "182086093", "timestamp": 1632944447389, "tick_direction": 2, "price": 0.171, "mark_price": 0.16969874, "iv": 86.96, "instrument_name": "BTC-31DEC21-42000-C", "index_price": 41216.3, "direction": "buy", "amount": 0.1}, {"trade_seq": 343, "trade_id": "182056158", "timestamp": 1632922179064, "tick_direction": 1, "price": 0.177, "mark_price": 0.17792958, "iv": 85.47, "instrument_name": "BTC-31DEC21-42000-C", "index_price": 42041.77, "direction": "sell", "amount": 0.1}, {"trade_seq": 342, "trade_id": "182056157", "timestamp": 1632922179035, "tick_direction": 0, "price": 0.177, "mark_price": 0.17792958, "iv": 85.47, "instrument_name": "BTC-31DEC21-42000-C", "index_price": 42041.77, "direction": "sell", "amount": 0.1}, {"trade_seq": 341, "trade_id": "182055395", "timestamp": 1632921668451, "tick_direction": 2, "price": 0.176, "mark_price": 0.17663522, "iv": 85.6, "instrument_name": "BTC-31DEC21-42000-C", "index_price": 41920.45, "direction": "sell", "amount": 0.1}, {"trade_seq": 340, "trade_id": "182053551", "timestamp": 1632919787779, "tick_direction": 2, "price": 0.1775, "mark_price": 0.17814523, "iv": 85.46, "instrument_name": "BTC-31DEC21-42000-C", "index_price": 42079.73, "direction": "sell", "amount": 0.1}, {"trade_seq": 339, "trade_id": "182050526", "timestamp": 1632918422115, "tick_direction": 2, "price": 0.179, "mark_price": 0.179515, "iv": 85.36, "instrument_name": "BTC-31DEC21-42000-C", "index_price": 42248.03, "direction": "sell", "amount": 0.1}, {"trade_seq": 338, "trade_id": "182044353", "timestamp": 1632912464535, "tick_direction": 3, "price": 0.1805, "mark_price": 0.18139383, "iv": 85.25, "instrument_name": "BTC-31DEC21-42000-C", "index_price": 42421.49, "direction": "sell", "amount": 0.1}, {"trade_seq": 337, "trade_id": "182037378", "timestamp": 1632906136784, "tick_direction": 3, "price": 0.1805, "mark_price": 0.18145352, "iv": 85.9, "instrument_name": "BTC-31DEC21-42000-C", "index_price": 42291.85, "direction": "sell", "amount": 0.1}, {"trade_seq": 336, "trade_id": "182037255", "timestamp": 1632906034229, "tick_direction": 2, "price": 0.1805, "mark_price": 0.1813054, "iv": 85.97, "instrument_name": "BTC-31DEC21-42000-C", "index_price": 42283.71, "direction": "sell", "amount": 0.1}, {"trade_seq": 335, "trade_id": "182036836", "timestamp": 1632906004329, "tick_direction": 1, "price": 0.181, "mark_price": 0.18208928, "iv": 85.97, "instrument_name": "BTC-31DEC21-42000-C", "index_price": 42329.98, "direction": "sell", "amount": 0.1}, {"trade_seq": 334, "trade_id": "182034441", "timestamp": 1632903635598, "tick_direction": 0, "price": 0.181, "mark_price": 0.17982433, "iv": 86.26, "instrument_name": "BTC-31DEC21-42000-C", "index_price": 42314.83, "direction": "sell", "amount": 6.2}, {"trade_seq": 333, "trade_id": "181995597", "timestamp": 1632875521560, "tick_direction": 1, "price": 0.177, "mark_price": 0.17630231, "iv": 88.72, "instrument_name": "BTC-31DEC21-42000-C", "index_price": 41440.88, "direction": "sell", "amount": 0.8}, {"trade_seq": 332, "trade_id": "181995595", "timestamp": 1632875521095, "tick_direction": 1, "price": 0.177, "mark_price": 0.17622388, "iv": 88.72, "instrument_name": "BTC-31DEC21-42000-C", "index_price": 41442.45, "direction": "sell", "amount": 2.3}, {"trade_seq": 331, "trade_id": "181995594", "timestamp": 1632875521076, "tick_direction": 1, "price": 0.177, "mark_price": 0.17622388, "iv": 88.72, "instrument_name": "BTC-31DEC21-42000-C", "index_price": 41442.45, "direction": "sell", "amount": 0.4}, {"trade_seq": 330, "trade_id": "181995592", "timestamp": 1632875521059, "tick_direction": 0, "price": 0.177, "mark_price": 0.17622388, "iv": 88.72, "instrument_name": "BTC-31DEC21-42000-C", "index_price": 41442.45, "direction": "buy", "amount": 7.1}, {"trade_seq": 329, "trade_id": "181991424", "timestamp": 1632874921057, "tick_direction": 2, "price": 0.171, "mark_price": 0.17160978, "iv": 88.31, "instrument_name": "BTC-31DEC21-42000-C", "index_price": 40942.45, "direction": "sell", "amount": 10.6}, {"trade_seq": 328, "trade_id": "181955779", "timestamp": 1632857213544, "tick_direction": 0, "price": 0.177, "mark_price": 0.17873231, "iv": 87.07, "instrument_name": "BTC-31DEC21-42000-C", "index_price": 41649.74, "direction": "sell", "amount": 0.2}, {"trade_seq": 327, "trade_id": "181939216", "timestamp": 1632846733191, "tick_direction": 2, "price": 0.176, "mark_price": 0.17678023, "iv": 87.24, "instrument_name": "BTC-31DEC21-42000-C", "index_price": 41530.52, "direction": "sell", "amount": 0.1}, {"trade_seq": 326, "trade_id": "181935811", "timestamp": 1632844180169, "tick_direction": 0, "price": 0.178, "mark_price": 0.17879213, "iv": 87.87, "instrument_name": "BTC-31DEC21-42000-C", "index_price": 41582.95, "direction": "sell", "amount": 0.1}, {"trade_seq": 325, "trade_id": "181921937", "timestamp": 1632838671050, "tick_direction": 3, "price": 0.1755, "mark_price": 0.17602043, "iv": 87.08, "instrument_name": "BTC-31DEC21-42000-C", "index_price": 41492.43, "direction": "sell", "amount": 0.1}, {"trade_seq": 324, "trade_id": "181921928", "timestamp": 1632838670988, "tick_direction": 2, "price": 0.1755, "mark_price": 0.17602043, "iv": 87.08, "instrument_name": "BTC-31DEC21-42000-C", "index_price": 41492.43, "direction": "sell", "amount": 0.1}, {"trade_seq": 323, "trade_id": "181915022", "timestamp": 1632837967832, "tick_direction": 3, "price": 0.1795, "mark_price": 0.18017479, "iv": 86.91, "instrument_name": "BTC-31DEC21-42000-C", "index_price": 41891.42, "direction": "sell", "amount": 0.1}, {"trade_seq": 322, "trade_id": "181880196", "timestamp": 1632817780188, "tick_direction": 2, "price": 0.1795, "mark_price": 0.17966776, "iv": 87.51, "instrument_name": "BTC-31DEC21-42000-C", "index_price": 41776.06, "direction": "buy", "amount": 0.5}, {"trade_seq": 321, "trade_id": "181762349", "timestamp": 1632735093819, "tick_direction": 0, "price": 0.203, "mark_price": 0.20364628, "iv": 86.89, "instrument_name": "BTC-31DEC21-42000-C", "index_price": 44005.72, "direction": "sell", "amount": 0.1}, {"trade_seq": 320, "trade_id": "181629002", "timestamp": 1632644510596, "tick_direction": 2, "price": 0.1665, "mark_price": 0.16772241, "iv": 83.66, "instrument_name": "BTC-31DEC21-42000-C", "index_price": 41146.54, "direction": "buy", "amount": 4.0}, {"trade_seq": 319, "trade_id": "181623962", "timestamp": 1632643382151, "tick_direction": 3, "price": 0.1745, "mark_price": 0.17264592, "iv": 85.79, "instrument_name": "BTC-31DEC21-42000-C", "index_price": 41509.98, "direction": "sell", "amount": 1.9}, {"trade_seq": 318, "trade_id": "181623961", "timestamp": 1632643382150, "tick_direction": 2, "price": 0.1745, "mark_price": 0.17264592, "iv": 85.79, "instrument_name": "BTC-31DEC21-42000-C", "index_price": 41509.98, "direction": "sell", "amount": 2.1}, {"trade_seq": 317, "trade_id": "181479699", "timestamp": 1632513728749, "tick_direction": 0, "price": 0.1835, "mark_price": 0.18492972, "iv": 84.96, "instrument_name": "BTC-31DEC21-42000-C", "index_price": 42387.86, "direction": "sell", "amount": 3.0}, {"trade_seq": 316, "trade_id": "181459648", "timestamp": 1632499318417, "tick_direction": 2, "price": 0.1805, "mark_price": 0.18101812, "iv": 85.22, "instrument_name": "BTC-31DEC21-42000-C", "index_price": 41963.13, "direction": "buy", "amount": 1.6}, {"trade_seq": 315, "trade_id": "181459647", "timestamp": 1632499314505, "tick_direction": 1, "price": 0.181, "mark_price": 0.181, "iv": 85.47, "instrument_name": "BTC-31DEC21-42000-C", "index_price": 41962.07, "direction": "buy", "amount": 0.1}, {"trade_seq": 314, "trade_id": "181459646", "timestamp": 1632499307311, "tick_direction": 1, "price": 0.181, "mark_price": 0.18097894, "iv": 85.5, "instrument_name": "BTC-31DEC21-42000-C", "index_price": 41956.54, "direction": "buy", "amount": 0.3}, {"trade_seq": 313, "trade_id": "181459645", "timestamp": 1632499305685, "tick_direction": 1, "price": 0.181, "mark_price": 0.18098688, "iv": 85.48, "instrument_name": "BTC-31DEC21-42000-C", "index_price": 41962.01, "direction": "buy", "amount": 0.3}, {"trade_seq": 312, "trade_id": "181459644", "timestamp": 1632499304964, "tick_direction": 0, "price": 0.181, "mark_price": 0.18098688, "iv": 85.49, "instrument_name": "BTC-31DEC21-42000-C", "index_price": 41959.77, "direction": "buy", "amount": 0.3}, {"trade_seq": 311, "trade_id": "181457557", "timestamp": 1632498126273, "tick_direction": 3, "price": 0.1785, "mark_price": 0.17796301, "iv": 85.56, "instrument_name": "BTC-31DEC21-42000-C", "index_price": 41692.64, "direction": "sell", "amount": 0.3}, {"trade_seq": 310, "trade_id": "181457553", "timestamp": 1632498126124, "tick_direction": 2, "price": 0.1785, "mark_price": 0.17796301, "iv": 85.56, "instrument_name": "BTC-31DEC21-42000-C", "index_price": 41692.64, "direction": "sell", "amount": 2.5}, {"trade_seq": 309, "trade_id": "181445725", "timestamp": 1632494853373, "tick_direction": 0, "price": 0.1865, "mark_price": 0.18713454, "iv": 85.86, "instrument_name": "BTC-31DEC21-42000-C", "index_price": 42472.92, "direction": "buy", "amount": 5.0}, {"trade_seq": 308, "trade_id": "181404689", "timestamp": 1632487563002, "tick_direction": 3, "price": 0.179, "mark_price": 0.17883933, "iv": 87.23, "instrument_name": "BTC-31DEC21-42000-C", "index_price": 41342.3, "direction": "sell", "amount": 0.2}, {"trade_seq": 307, "trade_id": "181404595", "timestamp": 1632487534475, "tick_direction": 3, "price": 0.179, "mark_price": 0.17881419, "iv": 87.21, "instrument_name": "BTC-31DEC21-42000-C", "index_price": 41347.12, "direction": "sell", "amount": 0.4}, {"trade_seq": 306, "trade_id": "181404580", "timestamp": 1632487533198, "tick_direction": 3, "price": 0.179, "mark_price": 0.17881663, "iv": 87.2, "instrument_name": "BTC-31DEC21-42000-C", "index_price": 41348.04, "direction": "sell", "amount": 0.4}, {"trade_seq": 305, "trade_id": "181392045", "timestamp": 1632484902889, "tick_direction": 2, "price": 0.179, "mark_price": 0.17954506, "iv": 86.88, "instrument_name": "BTC-31DEC21-42000-C", "index_price": 41443.63, "direction": "sell", "amount": 0.1}, {"trade_seq": 304, "trade_id": "181379435", "timestamp": 1632483110835, "tick_direction": 2, "price": 0.1805, "mark_price": 0.17794457, "iv": 87.96, "instrument_name": "BTC-31DEC21-42000-C", "index_price": 41408.75, "direction": "buy", "amount": 0.1}, {"trade_seq": 303, "trade_id": "181378967", "timestamp": 1632483024074, "tick_direction": 2, "price": 0.181, "mark_price": 0.17915348, "iv": 87.56, "instrument_name": "BTC-31DEC21-42000-C", "index_price": 41531.89, "direction": "buy", "amount": 0.1}, {"trade_seq": 302, "trade_id": "181318137", "timestamp": 1632476810386, "tick_direction": 2, "price": 0.1895, "mark_price": 0.18989529, "iv": 85.1, "instrument_name": "BTC-31DEC21-42000-C", "index_price": 42787.17, "direction": "sell", "amount": 2.6}, {"trade_seq": 301, "trade_id": "181266451", "timestamp": 1632469916032, "tick_direction": 1, "price": 0.212, "mark_price": 0.21196031, "iv": 85.56, "instrument_name": "BTC-31DEC21-42000-C", "index_price": 44920.34, "direction": "buy", "amount": 0.9}, {"trade_seq": 300, "trade_id": "181266441", "timestamp": 1632469914017, "tick_direction": 1, "price": 0.212, "mark_price": 0.21178124, "iv": 85.56, "instrument_name": "BTC-31DEC21-42000-C", "index_price": 44919.65, "direction": "buy", "amount": 0.9}, {"trade_seq": 299, "trade_id": "181266434", "timestamp": 1632469913226, "tick_direction": 1, "price": 0.212, "mark_price": 0.21178124, "iv": 85.65, "instrument_name": "BTC-31DEC21-42000-C", "index_price": 44900.96, "direction": "buy", "amount": 1.5}, {"trade_seq": 298, "trade_id": "181266409", "timestamp": 1632469912994, "tick_direction": 1, "price": 0.212, "mark_price": 0.21174301, "iv": 85.65, "instrument_name": "BTC-31DEC21-42000-C", "index_price": 44900.96, "direction": "buy", "amount": 0.1}, {"trade_seq": 297, "trade_id": "181266408", "timestamp": 1632469912987, "tick_direction": 1, "price": 0.212, "mark_price": 0.21174301, "iv": 85.65, "instrument_name": "BTC-31DEC21-42000-C", "index_price": 44900.96, "direction": "buy", "amount": 1.5}, {"trade_seq": 296, "trade_id": "181266402", "timestamp": 1632469912803, "tick_direction": 0, "price": 0.212, "mark_price": 0.21174301, "iv": 85.65, "instrument_name": "BTC-31DEC21-42000-C", "index_price": 44900.96, "direction": "buy", "amount": 0.1}, {"trade_seq": 295, "trade_id": "180920126", "timestamp": 1632333760207, "tick_direction": 0, "price": 0.206, "mark_price": 0.20423964, "iv": 88.43, "instrument_name": "BTC-31DEC21-42000-C", "index_price": 43588.42, "direction": "sell", "amount": 1.0}, {"trade_seq": 294, "trade_id": "180911751", "timestamp": 1632331229919, "tick_direction": 2, "price": 0.2, "mark_price": 0.19946936, "iv": 87.84, "instrument_name": "BTC-31DEC21-42000-C", "index_price": 43071.3, "direction": "sell", "amount": 1.0}, {"trade_seq": 293, "trade_id": "180905853", "timestamp": 1632328161604, "tick_direction": 1, "price": 0.202, "mark_price": 0.20126413, "iv": 87.91, "instrument_name": "BTC-31DEC21-42000-C", "index_price": 43248.22, "direction": "sell", "amount": 0.3}, {"trade_seq": 292, "trade_id": "180905372", "timestamp": 1632327782686, "tick_direction": 1, "price": 0.202, "mark_price": 0.20097317, "iv": 87.93, "instrument_name": "BTC-31DEC21-42000-C", "index_price": 43247.45, "direction": "sell", "amount": 0.4}, {"trade_seq": 291, "trade_id": "180905218", "timestamp": 1632327627310, "tick_direction": 1, "price": 0.202, "mark_price": 0.20084397, "iv": 87.95, "instrument_name": "BTC-31DEC21-42000-C", "index_price": 43273.83, "direction": "sell", "amount": 0.1}, {"trade_seq": 290, "trade_id": "180905210", "timestamp": 1632327625038, "tick_direction": 1, "price": 0.202, "mark_price": 0.20087303, "iv": 87.93, "instrument_name": "BTC-31DEC21-42000-C", "index_price": 43276.53, "direction": "sell", "amount": 0.1}, {"trade_seq": 289, "trade_id": "180905203", "timestamp": 1632327614163, "tick_direction": 0, "price": 0.202, "mark_price": 0.20088539, "iv": 87.93, "instrument_name": "BTC-31DEC21-42000-C", "index_price": 43275.0, "direction": "sell", "amount": 0.1}, {"trade_seq": 288, "trade_id": "180901990", "timestamp": 1632326796048, "tick_direction": 2, "price": 0.2005, "mark_price": 0.19968289, "iv": 87.8, "instrument_name": "BTC-31DEC21-42000-C", "index_price": 43147.66, "direction": "sell", "amount": 1.0}, {"trade_seq": 287, "trade_id": "180899997", "timestamp": 1632326240625, "tick_direction": 1, "price": 0.201, "mark_price": 0.20022743, "iv": 87.87, "instrument_name": "BTC-31DEC21-42000-C", "index_price": 43178.64, "direction": "sell", "amount": 0.4}, {"trade_seq": 286, "trade_id": "180899572", "timestamp": 1632326065480, "tick_direction": 0, "price": 0.201, "mark_price": 0.20029065, "iv": 87.68, "instrument_name": "BTC-31DEC21-42000-C", "index_price": 43207.17, "direction": "sell", "amount": 0.6}, {"trade_seq": 285, "trade_id": "180883376", "timestamp": 1632322632259, "tick_direction": 3, "price": 0.192, "mark_price": 0.19167304, "iv": 87.41, "instrument_name": "BTC-31DEC21-42000-C", "index_price": 42364.91, "direction": "sell", "amount": 0.3}, {"trade_seq": 284, "trade_id": "180883374", "timestamp": 1632322632235, "tick_direction": 3, "price": 0.192, "mark_price": 0.19167304, "iv": 87.41, "instrument_name": "BTC-31DEC21-42000-C", "index_price": 42364.91, "direction": "sell", "amount": 1.7}, {"trade_seq": 283, "trade_id": "180883372", "timestamp": 1632322632224, "tick_direction": 3, "price": 0.192, "mark_price": 0.19167304, "iv": 87.41, "instrument_name": "BTC-31DEC21-42000-C", "index_price": 42364.91, "direction": "sell", "amount": 1.0}, {"trade_seq": 282, "trade_id": "180883367", "timestamp": 1632322632086, "tick_direction": 3, "price": 0.192, "mark_price": 0.19167304, "iv": 87.41, "instrument_name": "BTC-31DEC21-42000-C", "index_price": 42375.44, "direction": "sell", "amount": 1.0}, {"trade_seq": 281, "trade_id": "180883365", "timestamp": 1632322631918, "tick_direction": 3, "price": 0.192, "mark_price": 0.19167304, "iv": 87.41, "instrument_name": "BTC-31DEC21-42000-C", "index_price": 42375.44, "direction": "sell", "amount": 1.0}, {"trade_seq": 280, "trade_id": "180883361", "timestamp": 1632322631776, "tick_direction": 3, "price": 0.192, "mark_price": 0.19167304, "iv": 87.41, "instrument_name": "BTC-31DEC21-42000-C", "index_price": 42375.44, "direction": "sell", "amount": 1.0}, {"trade_seq": 279, "trade_id": "180883357", "timestamp": 1632322631632, "tick_direction": 2, "price": 0.192, "mark_price": 0.19189242, "iv": 87.41, "instrument_name": "BTC-31DEC21-42000-C", "index_price": 42375.44, "direction": "sell", "amount": 1.0}, {"trade_seq": 278, "trade_id": "180881507", "timestamp": 1632322146974, "tick_direction": 3, "price": 0.1935, "mark_price": 0.19341532, "iv": 87.59, "instrument_name": "BTC-31DEC21-42000-C", "index_price": 42484.76, "direction": "buy", "amount": 1.0}, {"trade_seq": 277, "trade_id": "180881500", "timestamp": 1632322146960, "tick_direction": 3, "price": 0.1935, "mark_price": 0.19341532, "iv": 87.59, "instrument_name": "BTC-31DEC21-42000-C", "index_price": 42484.76, "direction": "buy", "amount": 1.0}, {"trade_seq": 276, "trade_id": "180881499", "timestamp": 1632322146957, "tick_direction": 2, "price": 0.1935, "mark_price": 0.19341532, "iv": 87.59, "instrument_name": "BTC-31DEC21-42000-C", "index_price": 42484.76, "direction": "sell", "amount": 13.0}, {"trade_seq": 275, "trade_id": "180865514", "timestamp": 1632316753925, "tick_direction": 0, "price": 0.197, "mark_price": 0.19814205, "iv": 89.12, "instrument_name": "BTC-31DEC21-42000-C", "index_price": 42478.46, "direction": "sell", "amount": 13.0}, {"trade_seq": 274, "trade_id": "180746201", "timestamp": 1632267839303, "tick_direction": 2, "price": 0.1825, "mark_price": 0.18217314, "iv": 92.52, "instrument_name": "BTC-31DEC21-42000-C", "index_price": 40324.04, "direction": "sell", "amount": 3.0}, {"trade_seq": 273, "trade_id": "180713872", "timestamp": 1632262199793, "tick_direction": 2, "price": 0.1935, "mark_price": 0.19226617, "iv": 92.29, "instrument_name": "BTC-31DEC21-42000-C", "index_price": 41468.71, "direction": "sell", "amount": 0.1}, {"trade_seq": 272, "trade_id": "180344138", "timestamp": 1632174102229, "tick_direction": 3, "price": 0.215, "mark_price": 0.21365157, "iv": 91.78, "instrument_name": "BTC-31DEC21-42000-C", "index_price": 43681.97, "direction": "sell", "amount": 0.4}, {"trade_seq": 271, "trade_id": "180344137", "timestamp": 1632174102110, "tick_direction": 3, "price": 0.215, "mark_price": 0.21365157, "iv": 91.78, "instrument_name": "BTC-31DEC21-42000-C", "index_price": 43681.97, "direction": "sell", "amount": 0.6}, {"trade_seq": 270, "trade_id": "180344136", "timestamp": 1632174102039, "tick_direction": 2, "price": 0.215, "mark_price": 0.21365157, "iv": 91.78, "instrument_name": "BTC-31DEC21-42000-C", "index_price": 43681.97, "direction": "sell", "amount": 0.9}, {"trade_seq": 269, "trade_id": "180193601", "timestamp": 1632137405795, "tick_direction": 2, "price": 0.2165, "mark_price": 0.21688421, "iv": 91.42, "instrument_name": "BTC-31DEC21-42000-C", "index_price": 43799.62, "direction": "sell", "amount": 0.8}, {"trade_seq": 268, "trade_id": "180192346", "timestamp": 1632137383131, "tick_direction": 2, "price": 0.2175, "mark_price": 0.21637644, "iv": 92.08, "instrument_name": "BTC-31DEC21-42000-C", "index_price": 43768.82, "direction": "buy", "amount": 0.9}, {"trade_seq": 267, "trade_id": "180180191", "timestamp": 1632136107393, "tick_direction": 2, "price": 0.2205, "mark_price": 0.22051051, "iv": 91.7, "instrument_name": "BTC-31DEC21-42000-C", "index_price": 44125.29, "direction": "sell", "amount": 0.1}, {"trade_seq": 266, "trade_id": "180156222", "timestamp": 1632128562414, "tick_direction": 2, "price": 0.2295, "mark_price": 0.22919477, "iv": 91.45, "instrument_name": "BTC-31DEC21-42000-C", "index_price": 45005.9, "direction": "sell", "amount": 0.1}, {"trade_seq": 265, "trade_id": "179981237", "timestamp": 1631998483871, "tick_direction": 2, "price": 0.26, "mark_price": 0.26039077, "iv": 90.16, "instrument_name": "BTC-31DEC21-42000-C", "index_price": 47989.26, "direction": "buy", "amount": 0.1}, {"trade_seq": 264, "trade_id": "179836916", "timestamp": 1631867825591, "tick_direction": 0, "price": 0.261, "mark_price": 0.26106468, "iv": 89.9, "instrument_name": "BTC-31DEC21-42000-C", "index_price": 47980.81, "direction": "sell", "amount": 1.3}, {"trade_seq": 263, "trade_id": "179419699", "timestamp": 1631542769741, "tick_direction": 2, "price": 0.2305, "mark_price": 0.22991208, "iv": 94.52, "instrument_name": "BTC-31DEC21-42000-C", "index_price": 43667.56, "direction": "sell", "amount": 0.1}, {"trade_seq": 262, "trade_id": "179339540", "timestamp": 1631528252083, "tick_direction": 2, "price": 0.2375, "mark_price": 0.23709792, "iv": 92.61, "instrument_name": "BTC-31DEC21-42000-C", "index_price": 44711.58, "direction": "sell", "amount": 0.1}, {"trade_seq": 261, "trade_id": "179049285", "timestamp": 1631286788283, "tick_direction": 2, "price": 0.2405, "mark_price": 0.2396446, "iv": 92.55, "instrument_name": "BTC-31DEC21-42000-C", "index_price": 44808.26, "direction": "sell", "amount": 0.1}, {"trade_seq": 260, "trade_id": "178044800", "timestamp": 1630926998389, "tick_direction": 1, "price": 0.323, "mark_price": 0.32266143, "iv": 96.25, "instrument_name": "BTC-31DEC21-42000-C", "index_price": 52196.34, "direction": "buy", "amount": 1.5}, {"trade_seq": 259, "trade_id": "178044763", "timestamp": 1630926997462, "tick_direction": 1, "price": 0.323, "mark_price": 0.32258316, "iv": 96.34, "instrument_name": "BTC-31DEC21-42000-C", "index_price": 52181.26, "direction": "buy", "amount": 0.1}, {"trade_seq": 258, "trade_id": "178044761", "timestamp": 1630926997422, "tick_direction": 1, "price": 0.323, "mark_price": 0.32258316, "iv": 96.34, "instrument_name": "BTC-31DEC21-42000-C", "index_price": 52181.26, "direction": "buy", "amount": 0.2}, {"trade_seq": 257, "trade_id": "178044753", "timestamp": 1630926997385, "tick_direction": 0, "price": 0.323, "mark_price": 0.32258316, "iv": 96.34, "instrument_name": "BTC-31DEC21-42000-C", "index_price": 52181.26, "direction": "buy", "amount": 1.2}, {"trade_seq": 256, "trade_id": "177811701", "timestamp": 1630719692582, "tick_direction": 2, "price": 0.2875, "mark_price": 0.29357745, "iv": 88.84, "instrument_name": "BTC-31DEC21-42000-C", "index_price": 49781.05, "direction": "sell", "amount": 0.7}, {"trade_seq": 255, "trade_id": "177397650", "timestamp": 1630516353075, "tick_direction": 1, "price": 0.288, "mark_price": 0.28691561, "iv": 93.83, "instrument_name": "BTC-31DEC21-42000-C", "index_price": 48621.14, "direction": "sell", "amount": 2.0}, {"trade_seq": 254, "trade_id": "177397649", "timestamp": 1630516352960, "tick_direction": 0, "price": 0.288, "mark_price": 0.28691561, "iv": 93.83, "instrument_name": "BTC-31DEC21-42000-C", "index_price": 48621.14, "direction": "sell", "amount": 1.0}, {"trade_seq": 253, "trade_id": "177035767", "timestamp": 1630293653308, "tick_direction": 2, "price": 0.279, "mark_price": 0.27872504, "iv": 90.77, "instrument_name": "BTC-31DEC21-42000-C", "index_price": 48239.61, "direction": "sell", "amount": 1.0}, {"trade_seq": 252, "trade_id": "176083602", "timestamp": 1629696775972, "tick_direction": 2, "price": 0.3125, "mark_price": 0.31153067, "iv": 94.1, "instrument_name": "BTC-31DEC21-42000-C", "index_price": 50349.51, "direction": "sell", "amount": 0.1}, {"trade_seq": 251, "trade_id": "176083527", "timestamp": 1629696773199, "tick_direction": 0, "price": 0.313, "mark_price": 0.31161423, "iv": 94.32, "instrument_name": "BTC-31DEC21-42000-C", "index_price": 50369.13, "direction": "sell", "amount": 0.1}, {"trade_seq": 250, "trade_id": "175109979", "timestamp": 1629130259524, "tick_direction": 2, "price": 0.284, "mark_price": 0.28537871, "iv": 95.55, "instrument_name": "BTC-31DEC21-42000-C", "index_price": 46485.82, "direction": "buy", "amount": 0.1}, {"trade_seq": 249, "trade_id": "174643475", "timestamp": 1628862275684, "tick_direction": 2, "price": 0.292, "mark_price": 0.29159762, "iv": 97.54, "instrument_name": "BTC-31DEC21-42000-C", "index_price": 46460.46, "direction": "buy", "amount": 0.4}, {"trade_seq": 248, "trade_id": "174327132", "timestamp": 1628710401064, "tick_direction": 1, "price": 0.293, "mark_price": 0.29433112, "iv": 98.19, "instrument_name": "BTC-31DEC21-42000-C", "index_price": 46334.61, "direction": "buy", "amount": 0.1}, {"trade_seq": 247, "trade_id": "174327128", "timestamp": 1628710399467, "tick_direction": 1, "price": 0.293, "mark_price": 0.29433484, "iv": 98.19, "instrument_name": "BTC-31DEC21-42000-C", "index_price": 46333.34, "direction": "buy", "amount": 0.1}, {"trade_seq": 246, "trade_id": "174327127", "timestamp": 1628710399465, "tick_direction": 1, "price": 0.293, "mark_price": 0.29433484, "iv": 98.19, "instrument_name": "BTC-31DEC21-42000-C", "index_price": 46333.34, "direction": "buy", "amount": 0.3}, {"trade_seq": 245, "trade_id": "174327122", "timestamp": 1628710399042, "tick_direction": 1, "price": 0.293, "mark_price": 0.29432597, "iv": 98.19, "instrument_name": "BTC-31DEC21-42000-C", "index_price": 46333.95, "direction": "buy", "amount": 0.4}, {"trade_seq": 244, "trade_id": "174327105", "timestamp": 1628710375003, "tick_direction": 0, "price": 0.293, "mark_price": 0.29433827, "iv": 98.18, "instrument_name": "BTC-31DEC21-42000-C", "index_price": 46340.84, "direction": "buy", "amount": 0.1}, {"trade_seq": 243, "trade_id": "174172949", "timestamp": 1628615910132, "tick_direction": 1, "price": 0.2865, "mark_price": 0.28798887, "iv": 100.41, "instrument_name": "BTC-31DEC21-42000-C", "index_price": 45083.47, "direction": "buy", "amount": 0.8}, {"trade_seq": 242, "trade_id": "174172948", "timestamp": 1628615910123, "tick_direction": 1, "price": 0.2865, "mark_price": 0.28798887, "iv": 100.41, "instrument_name": "BTC-31DEC21-42000-C", "index_price": 45083.47, "direction": "buy", "amount": 0.1}, {"trade_seq": 241, "trade_id": "174172947", "timestamp": 1628615909981, "tick_direction": 1, "price": 0.2865, "mark_price": 0.28798887, "iv": 100.41, "instrument_name": "BTC-31DEC21-42000-C", "index_price": 45083.47, "direction": "buy", "amount": 0.2}, {"trade_seq": 240, "trade_id": "174172945", "timestamp": 1628615904517, "tick_direction": 0, "price": 0.2865, "mark_price": 0.28805043, "iv": 100.38, "instrument_name": "BTC-31DEC21-42000-C", "index_price": 45091.41, "direction": "buy", "amount": 0.4}, {"trade_seq": 239, "trade_id": "174172273", "timestamp": 1628615602411, "tick_direction": 0, "price": 0.286, "mark_price": 0.28736985, "iv": 100.49, "instrument_name": "BTC-31DEC21-42000-C", "index_price": 45013.45, "direction": "buy", "amount": 1.0}, {"trade_seq": 238, "trade_id": "174171603", "timestamp": 1628615142890, "tick_direction": 0, "price": 0.2855, "mark_price": 0.28628583, "iv": 100.72, "instrument_name": "BTC-31DEC21-42000-C", "index_price": 44908.84, "direction": "buy", "amount": 0.5}, {"trade_seq": 237, "trade_id": "174170886", "timestamp": 1628614911880, "tick_direction": 0, "price": 0.285, "mark_price": 0.28636954, "iv": 100.44, "instrument_name": "BTC-31DEC21-42000-C", "index_price": 44914.38, "direction": "buy", "amount": 1.0}, {"trade_seq": 236, "trade_id": "174169427", "timestamp": 1628614291815, "tick_direction": 3, "price": 0.284, "mark_price": 0.28502169, "iv": 100.54, "instrument_name": "BTC-31DEC21-42000-C", "index_price": 44766.57, "direction": "buy", "amount": 0.1}, {"trade_seq": 235, "trade_id": "174169426", "timestamp": 1628614291696, "tick_direction": 3, "price": 0.284, "mark_price": 0.28502169, "iv": 100.54, "instrument_name": "BTC-31DEC21-42000-C", "index_price": 44766.57, "direction": "buy", "amount": 0.1}, {"trade_seq": 234, "trade_id": "174169425", "timestamp": 1628614291639, "tick_direction": 3, "price": 0.284, "mark_price": 0.28502169, "iv": 100.54, "instrument_name": "BTC-31DEC21-42000-C", "index_price": 44766.57, "direction": "buy", "amount": 0.1}, {"trade_seq": 233, "trade_id": "174169424", "timestamp": 1628614291635, "tick_direction": 3, "price": 0.284, "mark_price": 0.28502169, "iv": 100.54, "instrument_name": "BTC-31DEC21-42000-C", "index_price": 44766.57, "direction": "buy", "amount": 0.1}, {"trade_seq": 232, "trade_id": "174169422", "timestamp": 1628614291028, "tick_direction": 2, "price": 0.284, "mark_price": 0.28502703, "iv": 100.53, "instrument_name": "BTC-31DEC21-42000-C", "index_price": 44768.38, "direction": "buy", "amount": 0.6}, {"trade_seq": 231, "trade_id": "174168639", "timestamp": 1628613875016, "tick_direction": 1, "price": 0.285, "mark_price": 0.28558598, "iv": 100.83, "instrument_name": "BTC-31DEC21-42000-C", "index_price": 44818.34, "direction": "buy", "amount": 1.0}, {"trade_seq": 230, "trade_id": "174167331", "timestamp": 1628613524628, "tick_direction": 0, "price": 0.285, "mark_price": 0.28583872, "iv": 100.86, "instrument_name": "BTC-31DEC21-42000-C", "index_price": 44819.31, "direction": "buy", "amount": 0.5}, {"trade_seq": 229, "trade_id": "173905685", "timestamp": 1628514018761, "tick_direction": 0, "price": 0.276, "mark_price": 0.27667678, "iv": 92.7, "instrument_name": "BTC-31DEC21-42000-C", "index_price": 45731.13, "direction": "buy", "amount": 2.0}, {"trade_seq": 228, "trade_id": "173636709", "timestamp": 1628396779181, "tick_direction": 1, "price": 0.258, "mark_price": 0.25763857, "iv": 89.21, "instrument_name": "BTC-31DEC21-42000-C", "index_price": 44497.64, "direction": "buy", "amount": 0.2}, {"trade_seq": 227, "trade_id": "173636407", "timestamp": 1628396538043, "tick_direction": 0, "price": 0.258, "mark_price": 0.25747167, "iv": 89.22, "instrument_name": "BTC-31DEC21-42000-C", "index_price": 44484.01, "direction": "buy", "amount": 0.1}, {"trade_seq": 226, "trade_id": "173591017", "timestamp": 1628370056427, "tick_direction": 0, "price": 0.25, "mark_price": 0.2501282, "iv": 87.68, "instrument_name": "BTC-31DEC21-42000-C", "index_price": 43960.67, "direction": "sell", "amount": 0.1}, {"trade_seq": 225, "trade_id": "173554780", "timestamp": 1628353197986, "tick_direction": 2, "price": 0.24, "mark_price": 0.23938047, "iv": 87.9, "instrument_name": "BTC-31DEC21-42000-C", "index_price": 42769.76, "direction": "sell", "amount": 0.1}, {"trade_seq": 224, "trade_id": "173531840", "timestamp": 1628342835325, "tick_direction": 1, "price": 0.2465, "mark_price": 0.24725055, "iv": 86.89, "instrument_name": "BTC-31DEC21-42000-C", "index_price": 43756.83, "direction": "buy", "amount": 0.1}, {"trade_seq": 223, "trade_id": "173531828", "timestamp": 1628342831570, "tick_direction": 1, "price": 0.2465, "mark_price": 0.2469721, "iv": 87.0, "instrument_name": "BTC-31DEC21-42000-C", "index_price": 43730.35, "direction": "buy", "amount": 0.1}, {"trade_seq": 222, "trade_id": "173531821", "timestamp": 1628342831259, "tick_direction": 1, "price": 0.2465, "mark_price": 0.2469721, "iv": 87.0, "instrument_name": "BTC-31DEC21-42000-C", "index_price": 43730.35, "direction": "buy", "amount": 0.1}, {"trade_seq": 221, "trade_id": "173531814", "timestamp": 1628342830585, "tick_direction": 1, "price": 0.2465, "mark_price": 0.24680582, "iv": 87.02, "instrument_name": "BTC-31DEC21-42000-C", "index_price": 43726.4, "direction": "buy", "amount": 0.1}, {"trade_seq": 220, "trade_id": "173531812", "timestamp": 1628342830457, "tick_direction": 1, "price": 0.2465, "mark_price": 0.24680582, "iv": 87.02, "instrument_name": "BTC-31DEC21-42000-C", "index_price": 43726.4, "direction": "buy", "amount": 0.1}, {"trade_seq": 219, "trade_id": "173531791", "timestamp": 1628342828891, "tick_direction": 1, "price": 0.2465, "mark_price": 0.24663303, "iv": 87.17, "instrument_name": "BTC-31DEC21-42000-C", "index_price": 43703.53, "direction": "buy", "amount": 0.1}, {"trade_seq": 218, "trade_id": "173531729", "timestamp": 1628342828433, "tick_direction": 0, "price": 0.2465, "mark_price": 0.24663781, "iv": 87.17, "instrument_name": "BTC-31DEC21-42000-C", "index_price": 43703.53, "direction": "buy", "amount": 0.1}, {"trade_seq": 217, "trade_id": "173523345", "timestamp": 1628340415481, "tick_direction": 1, "price": 0.245, "mark_price": 0.24577627, "iv": 86.75, "instrument_name": "BTC-31DEC21-42000-C", "index_price": 43659.46, "direction": "buy", "amount": 0.1}, {"trade_seq": 216, "trade_id": "173488297", "timestamp": 1628330452074, "tick_direction": 1, "price": 0.245, "mark_price": 0.24597605, "iv": 86.85, "instrument_name": "BTC-31DEC21-42000-C", "index_price": 43596.81, "direction": "buy", "amount": 1.6}, {"trade_seq": 215, "trade_id": "173488296", "timestamp": 1628330452071, "tick_direction": 0, "price": 0.245, "mark_price": 0.24597605, "iv": 86.85, "instrument_name": "BTC-31DEC21-42000-C", "index_price": 43596.81, "direction": "sell", "amount": 0.4}, {"trade_seq": 214, "trade_id": "173272856", "timestamp": 1628238461627, "tick_direction": 3, "price": 0.217, "mark_price": 0.21674842, "iv": 86.2, "instrument_name": "BTC-31DEC21-42000-C", "index_price": 40809.28, "direction": "buy", "amount": 0.1}, {"trade_seq": 213, "trade_id": "173272790", "timestamp": 1628238412819, "tick_direction": 2, "price": 0.217, "mark_price": 0.21680293, "iv": 86.19, "instrument_name": "BTC-31DEC21-42000-C", "index_price": 40804.62, "direction": "buy", "amount": 0.1}, {"trade_seq": 212, "trade_id": "173264442", "timestamp": 1628236189152, "tick_direction": 2, "price": 0.2175, "mark_price": 0.21740795, "iv": 86.56, "instrument_name": "BTC-31DEC21-42000-C", "index_price": 40806.78, "direction": "buy", "amount": 0.5}, {"trade_seq": 211, "trade_id": "173261032", "timestamp": 1628235481892, "tick_direction": 2, "price": 0.219, "mark_price": 0.22007365, "iv": 86.37, "instrument_name": "BTC-31DEC21-42000-C", "index_price": 40974.48, "direction": "sell", "amount": 1.4}, {"trade_seq": 210, "trade_id": "173183037", "timestamp": 1628206742116, "tick_direction": 0, "price": 0.2255, "mark_price": 0.22456137, "iv": 88.58, "instrument_name": "BTC-31DEC21-42000-C", "index_price": 41008.65, "direction": "buy", "amount": 0.2}, {"trade_seq": 209, "trade_id": "173182776", "timestamp": 1628206576533, "tick_direction": 0, "price": 0.225, "mark_price": 0.22429705, "iv": 88.48, "instrument_name": "BTC-31DEC21-42000-C", "index_price": 40985.88, "direction": "buy", "amount": 0.2}, {"trade_seq": 208, "trade_id": "173176665", "timestamp": 1628203393527, "tick_direction": 0, "price": 0.2245, "mark_price": 0.22386708, "iv": 88.28, "instrument_name": "BTC-31DEC21-42000-C", "index_price": 40942.06, "direction": "buy", "amount": 0.1}, {"trade_seq": 207, "trade_id": "173169953", "timestamp": 1628200439223, "tick_direction": 3, "price": 0.2235, "mark_price": 0.22281993, "iv": 88.33, "instrument_name": "BTC-31DEC21-42000-C", "index_price": 40845.56, "direction": "buy", "amount": 0.1}, {"trade_seq": 206, "trade_id": "173169935", "timestamp": 1628200431661, "tick_direction": 2, "price": 0.2235, "mark_price": 0.22272805, "iv": 88.37, "instrument_name": "BTC-31DEC21-42000-C", "index_price": 40829.27, "direction": "buy", "amount": 0.1}, {"trade_seq": 205, "trade_id": "173164586", "timestamp": 1628199010421, "tick_direction": 2, "price": 0.2245, "mark_price": 0.22333006, "iv": 88.65, "instrument_name": "BTC-31DEC21-42000-C", "index_price": 40896.63, "direction": "buy", "amount": 0.1}, {"trade_seq": 204, "trade_id": "173164528", "timestamp": 1628198995267, "tick_direction": 1, "price": 0.225, "mark_price": 0.22360292, "iv": 88.74, "instrument_name": "BTC-31DEC21-42000-C", "index_price": 40934.68, "direction": "buy", "amount": 0.1}, {"trade_seq": 203, "trade_id": "173164509", "timestamp": 1628198988771, "tick_direction": 1, "price": 0.225, "mark_price": 0.22358353, "iv": 88.75, "instrument_name": "BTC-31DEC21-42000-C", "index_price": 40932.81, "direction": "buy", "amount": 0.1}, {"trade_seq": 202, "trade_id": "173164502", "timestamp": 1628198965685, "tick_direction": 0, "price": 0.225, "mark_price": 0.22357345, "iv": 88.74, "instrument_name": "BTC-31DEC21-42000-C", "index_price": 40934.88, "direction": "buy", "amount": 0.1}, {"trade_seq": 201, "trade_id": "173010766", "timestamp": 1628161990591, "tick_direction": 3, "price": 0.192, "mark_price": 0.19126423, "iv": 86.43, "instrument_name": "BTC-31DEC21-42000-C", "index_price": 38175.26, "direction": "sell", "amount": 0.1}, {"trade_seq": 200, "trade_id": "173010760", "timestamp": 1628161988037, "tick_direction": 3, "price": 0.192, "mark_price": 0.19133985, "iv": 86.39, "instrument_name": "BTC-31DEC21-42000-C", "index_price": 38177.87, "direction": "sell", "amount": 0.1}, {"trade_seq": 199, "trade_id": "173010680", "timestamp": 1628161936253, "tick_direction": 3, "price": 0.192, "mark_price": 0.19113852, "iv": 86.41, "instrument_name": "BTC-31DEC21-42000-C", "index_price": 38178.46, "direction": "sell", "amount": 0.1}, {"trade_seq": 198, "trade_id": "173010679", "timestamp": 1628161935769, "tick_direction": 3, "price": 0.192, "mark_price": 0.19113852, "iv": 86.41, "instrument_name": "BTC-31DEC21-42000-C", "index_price": 38178.46, "direction": "sell", "amount": 0.1}, {"trade_seq": 197, "trade_id": "173010623", "timestamp": 1628161919527, "tick_direction": 2, "price": 0.192, "mark_price": 0.19125049, "iv": 86.35, "instrument_name": "BTC-31DEC21-42000-C", "index_price": 38184.16, "direction": "sell", "amount": 0.1}, {"trade_seq": 196, "trade_id": "172977018", "timestamp": 1628148723073, "tick_direction": 3, "price": 0.199, "mark_price": 0.19802278, "iv": 86.44, "instrument_name": "BTC-31DEC21-42000-C", "index_price": 38798.8, "direction": "buy", "amount": 0.1}, {"trade_seq": 195, "trade_id": "172975180", "timestamp": 1628147525310, "tick_direction": 2, "price": 0.199, "mark_price": 0.19997312, "iv": 85.63, "instrument_name": "BTC-31DEC21-42000-C", "index_price": 38989.31, "direction": "sell", "amount": 4.0}, {"trade_seq": 194, "trade_id": "172973036", "timestamp": 1628145931828, "tick_direction": 3, "price": 0.201, "mark_price": 0.19979521, "iv": 86.33, "instrument_name": "BTC-31DEC21-42000-C", "index_price": 39030.27, "direction": "buy", "amount": 0.4}, {"trade_seq": 193, "trade_id": "172972900", "timestamp": 1628145918675, "tick_direction": 3, "price": 0.201, "mark_price": 0.19970118, "iv": 86.36, "instrument_name": "BTC-31DEC21-42000-C", "index_price": 39009.81, "direction": "buy", "amount": 0.2}, {"trade_seq": 192, "trade_id": "172972607", "timestamp": 1628145785740, "tick_direction": 2, "price": 0.201, "mark_price": 0.19997231, "iv": 86.24, "instrument_name": "BTC-31DEC21-42000-C", "index_price": 39039.17, "direction": "buy", "amount": 0.1}, {"trade_seq": 191, "trade_id": "172906084", "timestamp": 1628099892976, "tick_direction": 0, "price": 0.204, "mark_price": 0.20246044, "iv": 86.07, "instrument_name": "BTC-31DEC21-42000-C", "index_price": 39371.16, "direction": "sell", "amount": 1.0}, {"trade_seq": 190, "trade_id": "172901435", "timestamp": 1628096006536, "tick_direction": 2, "price": 0.2025, "mark_price": 0.20317167, "iv": 85.17, "instrument_name": "BTC-31DEC21-42000-C", "index_price": 39461.15, "direction": "buy", "amount": 0.5}, {"trade_seq": 189, "trade_id": "172901426", "timestamp": 1628096001988, "tick_direction": 1, "price": 0.203, "mark_price": 0.20319652, "iv": 85.36, "instrument_name": "BTC-31DEC21-42000-C", "index_price": 39461.84, "direction": "buy", "amount": 0.5}, {"trade_seq": 188, "trade_id": "172889300", "timestamp": 1628090008163, "tick_direction": 1, "price": 0.203, "mark_price": 0.20238618, "iv": 85.35, "instrument_name": "BTC-31DEC21-42000-C", "index_price": 39453.38, "direction": "buy", "amount": 0.1}, {"trade_seq": 187, "trade_id": "172889297", "timestamp": 1628090007822, "tick_direction": 1, "price": 0.203, "mark_price": 0.20238618, "iv": 85.35, "instrument_name": "BTC-31DEC21-42000-C", "index_price": 39442.87, "direction": "buy", "amount": 0.1}, {"trade_seq": 186, "trade_id": "172889250", "timestamp": 1628090004130, "tick_direction": 0, "price": 0.203, "mark_price": 0.20237026, "iv": 85.36, "instrument_name": "BTC-31DEC21-42000-C", "index_price": 39440.72, "direction": "buy", "amount": 0.1}, {"trade_seq": 185, "trade_id": "172888157", "timestamp": 1628089859708, "tick_direction": 0, "price": 0.2025, "mark_price": 0.2016061, "iv": 85.51, "instrument_name": "BTC-31DEC21-42000-C", "index_price": 39351.74, "direction": "buy", "amount": 0.1}, {"trade_seq": 184, "trade_id": "172884497", "timestamp": 1628089167831, "tick_direction": 1, "price": 0.2, "mark_price": 0.19979609, "iv": 85.4, "instrument_name": "BTC-31DEC21-42000-C", "index_price": 39122.22, "direction": "buy", "amount": 0.1}, {"trade_seq": 183, "trade_id": "172884491", "timestamp": 1628089162270, "tick_direction": 1, "price": 0.2, "mark_price": 0.19987541, "iv": 85.41, "instrument_name": "BTC-31DEC21-42000-C", "index_price": 39120.77, "direction": "buy", "amount": 0.1}, {"trade_seq": 182, "trade_id": "172884453", "timestamp": 1628089151934, "tick_direction": 1, "price": 0.2, "mark_price": 0.19991106, "iv": 85.36, "instrument_name": "BTC-31DEC21-42000-C", "index_price": 39123.35, "direction": "buy", "amount": 0.4}, {"trade_seq": 181, "trade_id": "172874970", "timestamp": 1628085808888, "tick_direction": 1, "price": 0.2, "mark_price": 0.19923012, "iv": 85.87, "instrument_name": "BTC-31DEC21-42000-C", "index_price": 39022.05, "direction": "sell", "amount": 0.4}, {"trade_seq": 180, "trade_id": "172874582", "timestamp": 1628085687946, "tick_direction": 1, "price": 0.2, "mark_price": 0.19912653, "iv": 85.82, "instrument_name": "BTC-31DEC21-42000-C", "index_price": 39043.67, "direction": "sell", "amount": 0.1}, {"trade_seq": 179, "trade_id": "172873767", "timestamp": 1628085372287, "tick_direction": 1, "price": 0.2, "mark_price": 0.19888594, "iv": 85.87, "instrument_name": "BTC-31DEC21-42000-C", "index_price": 39029.58, "direction": "sell", "amount": 0.1}, {"trade_seq": 178, "trade_id": "172873753", "timestamp": 1628085364440, "tick_direction": 1, "price": 0.2, "mark_price": 0.19898962, "iv": 85.85, "instrument_name": "BTC-31DEC21-42000-C", "index_price": 39031.51, "direction": "sell", "amount": 0.1}, {"trade_seq": 177, "trade_id": "172873747", "timestamp": 1628085364088, "tick_direction": 1, "price": 0.2, "mark_price": 0.19898962, "iv": 85.82, "instrument_name": "BTC-31DEC21-42000-C", "index_price": 39039.56, "direction": "sell", "amount": 0.1}, {"trade_seq": 176, "trade_id": "172873726", "timestamp": 1628085348971, "tick_direction": 1, "price": 0.2, "mark_price": 0.19905202, "iv": 85.78, "instrument_name": "BTC-31DEC21-42000-C", "index_price": 39051.28, "direction": "sell", "amount": 0.1}, {"trade_seq": 175, "trade_id": "172873660", "timestamp": 1628085335721, "tick_direction": 0, "price": 0.2, "mark_price": 0.19905185, "iv": 85.77, "instrument_name": "BTC-31DEC21-42000-C", "index_price": 39060.12, "direction": "sell", "amount": 0.1}, {"trade_seq": 174, "trade_id": "172856555", "timestamp": 1628081122349, "tick_direction": 1, "price": 0.1935, "mark_price": 0.19260232, "iv": 85.45, "instrument_name": "BTC-31DEC21-42000-C", "index_price": 38484.99, "direction": "sell", "amount": 1.0}, {"trade_seq": 173, "trade_id": "172856285", "timestamp": 1628081057978, "tick_direction": 0, "price": 0.1935, "mark_price": 0.1925033, "iv": 85.47, "instrument_name": "BTC-31DEC21-42000-C", "index_price": 38495.27, "direction": "sell", "amount": 0.5}, {"trade_seq": 172, "trade_id": "172846772", "timestamp": 1628076991023, "tick_direction": 1, "price": 0.1905, "mark_price": 0.18982973, "iv": 85.53, "instrument_name": "BTC-31DEC21-42000-C", "index_price": 38163.35, "direction": "sell", "amount": 0.1}, {"trade_seq": 171, "trade_id": "172846655", "timestamp": 1628076880855, "tick_direction": 1, "price": 0.1905, "mark_price": 0.18968917, "iv": 85.54, "instrument_name": "BTC-31DEC21-42000-C", "index_price": 38151.82, "direction": "sell", "amount": 0.1}, {"trade_seq": 170, "trade_id": "172846654", "timestamp": 1628076873730, "tick_direction": 1, "price": 0.1905, "mark_price": 0.18977378, "iv": 85.52, "instrument_name": "BTC-31DEC21-42000-C", "index_price": 38160.15, "direction": "sell", "amount": 0.1}, {"trade_seq": 169, "trade_id": "172846653", "timestamp": 1628076869473, "tick_direction": 1, "price": 0.1905, "mark_price": 0.18974528, "iv": 85.52, "instrument_name": "BTC-31DEC21-42000-C", "index_price": 38159.56, "direction": "sell", "amount": 0.1}, {"trade_seq": 168, "trade_id": "172846642", "timestamp": 1628076867409, "tick_direction": 0, "price": 0.1905, "mark_price": 0.18976746, "iv": 85.51, "instrument_name": "BTC-31DEC21-42000-C", "index_price": 38162.33, "direction": "sell", "amount": 0.1}, {"trade_seq": 167, "trade_id": "172845996", "timestamp": 1628076333183, "tick_direction": 1, "price": 0.19, "mark_price": 0.18938188, "iv": 85.37, "instrument_name": "BTC-31DEC21-42000-C", "index_price": 38150.93, "direction": "sell", "amount": 0.4}, {"trade_seq": 166, "trade_id": "172845891", "timestamp": 1628076303998, "tick_direction": 1, "price": 0.19, "mark_price": 0.18891418, "iv": 85.53, "instrument_name": "BTC-31DEC21-42000-C", "index_price": 38111.2, "direction": "sell", "amount": 0.2}, {"trade_seq": 165, "trade_id": "172845890", "timestamp": 1628076303619, "tick_direction": 0, "price": 0.19, "mark_price": 0.18890632, "iv": 85.53, "instrument_name": "BTC-31DEC21-42000-C", "index_price": 38110.89, "direction": "sell", "amount": 0.3}, {"trade_seq": 164, "trade_id": "172845810", "timestamp": 1628076236264, "tick_direction": 1, "price": 0.1895, "mark_price": 0.18871665, "iv": 85.35, "instrument_name": "BTC-31DEC21-42000-C", "index_price": 38091.84, "direction": "sell", "amount": 0.1}, {"trade_seq": 163, "trade_id": "172845714", "timestamp": 1628076186771, "tick_direction": 1, "price": 0.1895, "mark_price": 0.1887122, "iv": 85.33, "instrument_name": "BTC-31DEC21-42000-C", "index_price": 38103.14, "direction": "sell", "amount": 0.1}, {"trade_seq": 162, "trade_id": "172845713", "timestamp": 1628076186717, "tick_direction": 1, "price": 0.1895, "mark_price": 0.1887122, "iv": 85.33, "instrument_name": "BTC-31DEC21-42000-C", "index_price": 38103.14, "direction": "sell", "amount": 0.1}, {"trade_seq": 161, "trade_id": "172845686", "timestamp": 1628076182982, "tick_direction": 1, "price": 0.1895, "mark_price": 0.18870785, "iv": 85.32, "instrument_name": "BTC-31DEC21-42000-C", "index_price": 38104.72, "direction": "sell", "amount": 0.1}, {"trade_seq": 160, "trade_id": "172845667", "timestamp": 1628076180975, "tick_direction": 1, "price": 0.1895, "mark_price": 0.18869568, "iv": 85.33, "instrument_name": "BTC-31DEC21-42000-C", "index_price": 38104.02, "direction": "sell", "amount": 0.1}, {"trade_seq": 159, "trade_id": "172845666", "timestamp": 1628076178938, "tick_direction": 1, "price": 0.1895, "mark_price": 0.18868451, "iv": 85.33, "instrument_name": "BTC-31DEC21-42000-C", "index_price": 38103.59, "direction": "sell", "amount": 0.1}, {"trade_seq": 158, "trade_id": "172845664", "timestamp": 1628076178148, "tick_direction": 0, "price": 0.1895, "mark_price": 0.18869102, "iv": 85.33, "instrument_name": "BTC-31DEC21-42000-C", "index_price": 38103.45, "direction": "sell", "amount": 0.3}, {"trade_seq": 157, "trade_id": "172845272", "timestamp": 1628076110211, "tick_direction": 3, "price": 0.189, "mark_price": 0.18837146, "iv": 85.21, "instrument_name": "BTC-31DEC21-42000-C", "index_price": 38070.43, "direction": "sell", "amount": 0.1}, {"trade_seq": 156, "trade_id": "172845271", "timestamp": 1628076110205, "tick_direction": 2, "price": 0.189, "mark_price": 0.18837146, "iv": 85.21, "instrument_name": "BTC-31DEC21-42000-C", "index_price": 38070.43, "direction": "sell", "amount": 0.1}, {"trade_seq": 155, "trade_id": "172677083", "timestamp": 1627995490878, "tick_direction": 1, "price": 0.192, "mark_price": 0.19053089, "iv": 84.8, "instrument_name": "BTC-31DEC21-42000-C", "index_price": 38390.15, "direction": "buy", "amount": 0.1}, {"trade_seq": 154, "trade_id": "172677013", "timestamp": 1627995353476, "tick_direction": 0, "price": 0.192, "mark_price": 0.1905128, "iv": 84.8, "instrument_name": "BTC-31DEC21-42000-C", "index_price": 38391.9, "direction": "buy", "amount": 0.1}, {"trade_seq": 153, "trade_id": "172673114", "timestamp": 1627993665207, "tick_direction": 3, "price": 0.1905, "mark_price": 0.19014664, "iv": 84.74, "instrument_name": "BTC-31DEC21-42000-C", "index_price": 38256.05, "direction": "buy", "amount": 0.1}, {"trade_seq": 152, "trade_id": "172673113", "timestamp": 1627993665056, "tick_direction": 3, "price": 0.1905, "mark_price": 0.19014664, "iv": 84.74, "instrument_name": "BTC-31DEC21-42000-C", "index_price": 38255.83, "direction": "buy", "amount": 0.1}, {"trade_seq": 151, "trade_id": "172673103", "timestamp": 1627993663085, "tick_direction": 3, "price": 0.1905, "mark_price": 0.190129, "iv": 84.75, "instrument_name": "BTC-31DEC21-42000-C", "index_price": 38252.44, "direction": "buy", "amount": 0.1}, {"trade_seq": 150, "trade_id": "172673102", "timestamp": 1627993661297, "tick_direction": 2, "price": 0.1905, "mark_price": 0.19011702, "iv": 84.75, "instrument_name": "BTC-31DEC21-42000-C", "index_price": 38250.38, "direction": "buy", "amount": 0.2}, {"trade_seq": 149, "trade_id": "172518358", "timestamp": 1627925820463, "tick_direction": 3, "price": 0.205, "mark_price": 0.20464647, "iv": 84.17, "instrument_name": "BTC-31DEC21-42000-C", "index_price": 39729.18, "direction": "sell", "amount": 0.3}, {"trade_seq": 148, "trade_id": "172518343", "timestamp": 1627925809188, "tick_direction": 3, "price": 0.205, "mark_price": 0.20470846, "iv": 84.13, "instrument_name": "BTC-31DEC21-42000-C", "index_price": 39745.66, "direction": "sell", "amount": 0.1}, {"trade_seq": 147, "trade_id": "172518340", "timestamp": 1627925806917, "tick_direction": 3, "price": 0.205, "mark_price": 0.20473743, "iv": 84.12, "instrument_name": "BTC-31DEC21-42000-C", "index_price": 39749.49, "direction": "sell", "amount": 0.1}, {"trade_seq": 146, "trade_id": "172507013", "timestamp": 1627917605249, "tick_direction": 2, "price": 0.205, "mark_price": 0.20404873, "iv": 84.21, "instrument_name": "BTC-31DEC21-42000-C", "index_price": 39715.39, "direction": "buy", "amount": 0.1}, {"trade_seq": 145, "trade_id": "172506571", "timestamp": 1627917406577, "tick_direction": 0, "price": 0.206, "mark_price": 0.20490467, "iv": 84.27, "instrument_name": "BTC-31DEC21-42000-C", "index_price": 39820.45, "direction": "buy", "amount": 0.4}, {"trade_seq": 144, "trade_id": "172506568", "timestamp": 1627917400349, "tick_direction": 0, "price": 0.2055, "mark_price": 0.20485848, "iv": 84.08, "instrument_name": "BTC-31DEC21-42000-C", "index_price": 39817.23, "direction": "buy", "amount": 0.1}, {"trade_seq": 143, "trade_id": "172502802", "timestamp": 1627915712494, "tick_direction": 1, "price": 0.2035, "mark_price": 0.20237038, "iv": 84.22, "instrument_name": "BTC-31DEC21-42000-C", "index_price": 39578.58, "direction": "buy", "amount": 0.1}, {"trade_seq": 142, "trade_id": "172502787", "timestamp": 1627915694128, "tick_direction": 1, "price": 0.2035, "mark_price": 0.20241191, "iv": 84.21, "instrument_name": "BTC-31DEC21-42000-C", "index_price": 39579.08, "direction": "buy", "amount": 0.1}, {"trade_seq": 141, "trade_id": "172502730", "timestamp": 1627915643447, "tick_direction": 1, "price": 0.2035, "mark_price": 0.20239283, "iv": 84.22, "instrument_name": "BTC-31DEC21-42000-C", "index_price": 39578.78, "direction": "buy", "amount": 0.1}, {"trade_seq": 140, "trade_id": "172499079", "timestamp": 1627913795840, "tick_direction": 0, "price": 0.2035, "mark_price": 0.20241435, "iv": 84.11, "instrument_name": "BTC-31DEC21-42000-C", "index_price": 39592.23, "direction": "buy", "amount": 0.1}, {"trade_seq": 139, "trade_id": "172494074", "timestamp": 1627912084437, "tick_direction": 3, "price": 0.202, "mark_price": 0.20205004, "iv": 83.86, "instrument_name": "BTC-31DEC21-42000-C", "index_price": 39514.03, "direction": "buy", "amount": 0.5}, {"trade_seq": 138, "trade_id": "172494054", "timestamp": 1627912066452, "tick_direction": 3, "price": 0.202, "mark_price": 0.20205467, "iv": 83.87, "instrument_name": "BTC-31DEC21-42000-C", "index_price": 39508.21, "direction": "buy", "amount": 0.3}, {"trade_seq": 137, "trade_id": "172494053", "timestamp": 1627912066442, "tick_direction": 3, "price": 0.202, "mark_price": 0.20205467, "iv": 83.87, "instrument_name": "BTC-31DEC21-42000-C", "index_price": 39508.21, "direction": "buy", "amount": 1.2}, {"trade_seq": 136, "trade_id": "172405603", "timestamp": 1627871583257, "tick_direction": 3, "price": 0.202, "mark_price": 0.20248259, "iv": 83.43, "instrument_name": "BTC-31DEC21-42000-C", "index_price": 39590.33, "direction": "buy", "amount": 0.2}, {"trade_seq": 135, "trade_id": "172385660", "timestamp": 1627864698762, "tick_direction": 2, "price": 0.202, "mark_price": 0.20456293, "iv": 82.66, "instrument_name": "BTC-31DEC21-42000-C", "index_price": 39794.16, "direction": "sell", "amount": 6.0}, {"trade_seq": 134, "trade_id": "172362125", "timestamp": 1627859581094, "tick_direction": 2, "price": 0.21, "mark_price": 0.2101567, "iv": 83.61, "instrument_name": "BTC-31DEC21-42000-C", "index_price": 40363.81, "direction": "sell", "amount": 0.1}, {"trade_seq": 133, "trade_id": "172270052", "timestamp": 1627825107386, "tick_direction": 1, "price": 0.2215, "mark_price": 0.22101256, "iv": 83.44, "instrument_name": "BTC-31DEC21-42000-C", "index_price": 41479.12, "direction": "sell", "amount": 0.4}, {"trade_seq": 132, "trade_id": "172270046", "timestamp": 1627825088843, "tick_direction": 1, "price": 0.2215, "mark_price": 0.22099386, "iv": 83.44, "instrument_name": "BTC-31DEC21-42000-C", "index_price": 41483.35, "direction": "sell", "amount": 0.1}, {"trade_seq": 131, "trade_id": "172269997", "timestamp": 1627825039399, "tick_direction": 1, "price": 0.2215, "mark_price": 0.22092195, "iv": 83.43, "instrument_name": "BTC-31DEC21-42000-C", "index_price": 41482.05, "direction": "sell", "amount": 0.1}, {"trade_seq": 130, "trade_id": "172269996", "timestamp": 1627825035051, "tick_direction": 1, "price": 0.2215, "mark_price": 0.22093033, "iv": 83.43, "instrument_name": "BTC-31DEC21-42000-C", "index_price": 41483.73, "direction": "sell", "amount": 0.1}, {"trade_seq": 129, "trade_id": "172269964", "timestamp": 1627825001317, "tick_direction": 1, "price": 0.2215, "mark_price": 0.22081311, "iv": 83.45, "instrument_name": "BTC-31DEC21-42000-C", "index_price": 41481.82, "direction": "sell", "amount": 0.1}, {"trade_seq": 128, "trade_id": "172269960", "timestamp": 1627824997481, "tick_direction": 1, "price": 0.2215, "mark_price": 0.22081494, "iv": 83.45, "instrument_name": "BTC-31DEC21-42000-C", "index_price": 41483.32, "direction": "sell", "amount": 0.1}, {"trade_seq": 127, "trade_id": "172269955", "timestamp": 1627824990552, "tick_direction": 1, "price": 0.2215, "mark_price": 0.22081332, "iv": 83.44, "instrument_name": "BTC-31DEC21-42000-C", "index_price": 41487.01, "direction": "sell", "amount": 0.1}, {"trade_seq": 126, "trade_id": "172269954", "timestamp": 1627824983196, "tick_direction": 1, "price": 0.2215, "mark_price": 0.22085894, "iv": 83.41, "instrument_name": "BTC-31DEC21-42000-C", "index_price": 41494.65, "direction": "sell", "amount": 0.1}, {"trade_seq": 125, "trade_id": "172269944", "timestamp": 1627824969822, "tick_direction": 1, "price": 0.2215, "mark_price": 0.22092548, "iv": 83.38, "instrument_name": "BTC-31DEC21-42000-C", "index_price": 41499.21, "direction": "sell", "amount": 0.1}, {"trade_seq": 124, "trade_id": "172269936", "timestamp": 1627824966993, "tick_direction": 1, "price": 0.2215, "mark_price": 0.22094267, "iv": 83.37, "instrument_name": "BTC-31DEC21-42000-C", "index_price": 41499.36, "direction": "sell", "amount": 0.1}, {"trade_seq": 123, "trade_id": "172269930", "timestamp": 1627824954250, "tick_direction": 1, "price": 0.2215, "mark_price": 0.2210175, "iv": 83.33, "instrument_name": "BTC-31DEC21-42000-C", "index_price": 41503.24, "direction": "sell", "amount": 0.1}, {"trade_seq": 122, "trade_id": "172269925", "timestamp": 1627824933763, "tick_direction": 1, "price": 0.2215, "mark_price": 0.22100632, "iv": 83.32, "instrument_name": "BTC-31DEC21-42000-C", "index_price": 41505.25, "direction": "sell", "amount": 0.1}, {"trade_seq": 121, "trade_id": "172269921", "timestamp": 1627824912635, "tick_direction": 1, "price": 0.2215, "mark_price": 0.2209877, "iv": 83.31, "instrument_name": "BTC-31DEC21-42000-C", "index_price": 41504.29, "direction": "sell", "amount": 0.1}, {"trade_seq": 120, "trade_id": "172269916", "timestamp": 1627824908152, "tick_direction": 1, "price": 0.2215, "mark_price": 0.22104337, "iv": 83.29, "instrument_name": "BTC-31DEC21-42000-C", "index_price": 41510.4, "direction": "sell", "amount": 0.1}, {"trade_seq": 119, "trade_id": "172269908", "timestamp": 1627824888905, "tick_direction": 1, "price": 0.2215, "mark_price": 0.22106638, "iv": 83.26, "instrument_name": "BTC-31DEC21-42000-C", "index_price": 41514.88, "direction": "sell", "amount": 0.1}, {"trade_seq": 118, "trade_id": "172269899", "timestamp": 1627824834483, "tick_direction": 1, "price": 0.2215, "mark_price": 0.22089831, "iv": 83.28, "instrument_name": "BTC-31DEC21-42000-C", "index_price": 41514.12, "direction": "sell", "amount": 0.1}, {"trade_seq": 117, "trade_id": "172269897", "timestamp": 1627824824039, "tick_direction": 0, "price": 0.2215, "mark_price": 0.22087885, "iv": 83.29, "instrument_name": "BTC-31DEC21-42000-C", "index_price": 41511.8, "direction": "sell", "amount": 0.1}, {"trade_seq": 116, "trade_id": "172268688", "timestamp": 1627824189204, "tick_direction": 2, "price": 0.22, "mark_price": 0.21926635, "iv": 83.15, "instrument_name": "BTC-31DEC21-42000-C", "index_price": 41404.36, "direction": "buy", "amount": 0.1}, {"trade_seq": 115, "trade_id": "172265648", "timestamp": 1627822071819, "tick_direction": 0, "price": 0.2225, "mark_price": 0.2217591, "iv": 83.01, "instrument_name": "BTC-31DEC21-42000-C", "index_price": 41663.74, "direction": "buy", "amount": 0.1}, {"trade_seq": 114, "trade_id": "172263156", "timestamp": 1627819422526, "tick_direction": 1, "price": 0.221, "mark_price": 0.22122413, "iv": 82.52, "instrument_name": "BTC-31DEC21-42000-C", "index_price": 41635.06, "direction": "buy", "amount": 0.1}, {"trade_seq": 113, "trade_id": "172263106", "timestamp": 1627819379437, "tick_direction": 1, "price": 0.221, "mark_price": 0.22112984, "iv": 82.59, "instrument_name": "BTC-31DEC21-42000-C", "index_price": 41620.75, "direction": "buy", "amount": 0.1}, {"trade_seq": 112, "trade_id": "172263104", "timestamp": 1627819368972, "tick_direction": 1, "price": 0.221, "mark_price": 0.22110215, "iv": 82.6, "instrument_name": "BTC-31DEC21-42000-C", "index_price": 41620.85, "direction": "buy", "amount": 0.1}, {"trade_seq": 111, "trade_id": "172263082", "timestamp": 1627819341115, "tick_direction": 1, "price": 0.221, "mark_price": 0.22104072, "iv": 82.65, "instrument_name": "BTC-31DEC21-42000-C", "index_price": 41615.49, "direction": "buy", "amount": 0.1}, {"trade_seq": 110, "trade_id": "172262876", "timestamp": 1627819109685, "tick_direction": 1, "price": 0.221, "mark_price": 0.22129569, "iv": 82.68, "instrument_name": "BTC-31DEC21-42000-C", "index_price": 41607.97, "direction": "buy", "amount": 0.1}, {"trade_seq": 109, "trade_id": "172262856", "timestamp": 1627819099303, "tick_direction": 1, "price": 0.221, "mark_price": 0.22130825, "iv": 82.68, "instrument_name": "BTC-31DEC21-42000-C", "index_price": 41604.12, "direction": "buy", "amount": 0.1}, {"trade_seq": 108, "trade_id": "172262853", "timestamp": 1627819098967, "tick_direction": 1, "price": 0.221, "mark_price": 0.22130825, "iv": 82.68, "instrument_name": "BTC-31DEC21-42000-C", "index_price": 41604.12, "direction": "buy", "amount": 0.4}, {"trade_seq": 107, "trade_id": "172262844", "timestamp": 1627819084839, "tick_direction": 1, "price": 0.221, "mark_price": 0.22119045, "iv": 82.68, "instrument_name": "BTC-31DEC21-42000-C", "index_price": 41595.03, "direction": "buy", "amount": 0.1}, {"trade_seq": 106, "trade_id": "172262841", "timestamp": 1627819084308, "tick_direction": 1, "price": 0.221, "mark_price": 0.22119045, "iv": 82.74, "instrument_name": "BTC-31DEC21-42000-C", "index_price": 41579.11, "direction": "buy", "amount": 0.1}, {"trade_seq": 105, "trade_id": "172262829", "timestamp": 1627819083884, "tick_direction": 1, "price": 0.221, "mark_price": 0.22103204, "iv": 82.74, "instrument_name": "BTC-31DEC21-42000-C", "index_price": 41579.11, "direction": "buy", "amount": 0.1}, {"trade_seq": 104, "trade_id": "172262818", "timestamp": 1627819083649, "tick_direction": 1, "price": 0.221, "mark_price": 0.22103204, "iv": 82.74, "instrument_name": "BTC-31DEC21-42000-C", "index_price": 41579.11, "direction": "buy", "amount": 0.1}, {"trade_seq": 103, "trade_id": "172262764", "timestamp": 1627818933543, "tick_direction": 1, "price": 0.221, "mark_price": 0.22155602, "iv": 82.72, "instrument_name": "BTC-31DEC21-42000-C", "index_price": 41595.04, "direction": "buy", "amount": 0.2}, {"trade_seq": 102, "trade_id": "172262763", "timestamp": 1627818925633, "tick_direction": 0, "price": 0.221, "mark_price": 0.22155464, "iv": 82.73, "instrument_name": "BTC-31DEC21-42000-C", "index_price": 41595.57, "direction": "buy", "amount": 0.4}, {"trade_seq": 101, "trade_id": "172260645", "timestamp": 1627816691226, "tick_direction": 3, "price": 0.2205, "mark_price": 0.22017879, "iv": 83.21, "instrument_name": "BTC-31DEC21-42000-C", "index_price": 41429.19, "direction": "sell", "amount": 0.9}, {"trade_seq": 100, "trade_id": "172260608", "timestamp": 1627816656980, "tick_direction": 2, "price": 0.2205, "mark_price": 0.21998008, "iv": 83.24, "instrument_name": "BTC-31DEC21-42000-C", "index_price": 41453.91, "direction": "sell", "amount": 1.1}, {"trade_seq": 99, "trade_id": "172206277", "timestamp": 1627773574609, "tick_direction": 0, "price": 0.23, "mark_price": 0.22682616, "iv": 84.8, "instrument_name": "BTC-31DEC21-42000-C", "index_price": 41974.32, "direction": "buy", "amount": 0.5}, {"trade_seq": 98, "trade_id": "172169241", "timestamp": 1627739288969, "tick_direction": 2, "price": 0.223, "mark_price": 0.22042314, "iv": 83.66, "instrument_name": "BTC-31DEC21-42000-C", "index_price": 41455.38, "direction": "buy", "amount": 0.1}, {"trade_seq": 97, "trade_id": "172157061", "timestamp": 1627731339453, "tick_direction": 3, "price": 0.2235, "mark_price": 0.22358299, "iv": 83.01, "instrument_name": "BTC-31DEC21-42000-C", "index_price": 41618.86, "direction": "sell", "amount": 0.1}, {"trade_seq": 96, "trade_id": "172157060", "timestamp": 1627731339416, "tick_direction": 3, "price": 0.2235, "mark_price": 0.22358299, "iv": 83.01, "instrument_name": "BTC-31DEC21-42000-C", "index_price": 41618.86, "direction": "sell", "amount": 0.1}, {"trade_seq": 95, "trade_id": "172157056", "timestamp": 1627731339287, "tick_direction": 3, "price": 0.2235, "mark_price": 0.22358299, "iv": 83.01, "instrument_name": "BTC-31DEC21-42000-C", "index_price": 41618.86, "direction": "sell", "amount": 0.1}, {"trade_seq": 94, "trade_id": "172157052", "timestamp": 1627731337494, "tick_direction": 3, "price": 0.2235, "mark_price": 0.22358166, "iv": 83.01, "instrument_name": "BTC-31DEC21-42000-C", "index_price": 41620.27, "direction": "sell", "amount": 0.1}, {"trade_seq": 93, "trade_id": "172157051", "timestamp": 1627731337452, "tick_direction": 3, "price": 0.2235, "mark_price": 0.22358166, "iv": 83.01, "instrument_name": "BTC-31DEC21-42000-C", "index_price": 41620.27, "direction": "sell", "amount": 0.1}, {"trade_seq": 92, "trade_id": "172156995", "timestamp": 1627731335920, "tick_direction": 3, "price": 0.2235, "mark_price": 0.22361301, "iv": 82.99, "instrument_name": "BTC-31DEC21-42000-C", "index_price": 41625.47, "direction": "sell", "amount": 0.1}, {"trade_seq": 91, "trade_id": "172156994", "timestamp": 1627731334360, "tick_direction": 3, "price": 0.2235, "mark_price": 0.22366597, "iv": 82.99, "instrument_name": "BTC-31DEC21-42000-C", "index_price": 41627.69, "direction": "sell", "amount": 0.1}, {"trade_seq": 90, "trade_id": "172156993", "timestamp": 1627731334259, "tick_direction": 3, "price": 0.2235, "mark_price": 0.22366597, "iv": 82.99, "instrument_name": "BTC-31DEC21-42000-C", "index_price": 41627.69, "direction": "sell", "amount": 0.1}, {"trade_seq": 89, "trade_id": "172156979", "timestamp": 1627731321475, "tick_direction": 3, "price": 0.2235, "mark_price": 0.2236228, "iv": 82.98, "instrument_name": "BTC-31DEC21-42000-C", "index_price": 41641.09, "direction": "sell", "amount": 0.1}, {"trade_seq": 88, "trade_id": "172156969", "timestamp": 1627731318842, "tick_direction": 3, "price": 0.2235, "mark_price": 0.22362393, "iv": 82.98, "instrument_name": "BTC-31DEC21-42000-C", "index_price": 41646.06, "direction": "sell", "amount": 0.1}, {"trade_seq": 87, "trade_id": "172156965", "timestamp": 1627731315704, "tick_direction": 3, "price": 0.2235, "mark_price": 0.22372828, "iv": 82.93, "instrument_name": "BTC-31DEC21-42000-C", "index_price": 41659.8, "direction": "sell", "amount": 0.1}, {"trade_seq": 86, "trade_id": "172156964", "timestamp": 1627731315479, "tick_direction": 3, "price": 0.2235, "mark_price": 0.22372282, "iv": 82.93, "instrument_name": "BTC-31DEC21-42000-C", "index_price": 41659.8, "direction": "sell", "amount": 0.1}, {"trade_seq": 85, "trade_id": "172156927", "timestamp": 1627731311349, "tick_direction": 3, "price": 0.2235, "mark_price": 0.22371305, "iv": 82.93, "instrument_name": "BTC-31DEC21-42000-C", "index_price": 41661.59, "direction": "sell", "amount": 0.1}, {"trade_seq": 84, "trade_id": "172156754", "timestamp": 1627731064903, "tick_direction": 2, "price": 0.2235, "mark_price": 0.22345244, "iv": 82.86, "instrument_name": "BTC-31DEC21-42000-C", "index_price": 41653.06, "direction": "sell", "amount": 1.3}, {"trade_seq": 83, "trade_id": "172146955", "timestamp": 1627724639804, "tick_direction": 0, "price": 0.225, "mark_price": 0.22215971, "iv": 83.92, "instrument_name": "BTC-31DEC21-42000-C", "index_price": 41614.8, "direction": "sell", "amount": 0.4}, {"trade_seq": 82, "trade_id": "171746586", "timestamp": 1627549971922, "tick_direction": 1, "price": 0.2135, "mark_price": 0.21276998, "iv": 84.59, "instrument_name": "BTC-31DEC21-42000-C", "index_price": 40080.7, "direction": "buy", "amount": 0.1}, {"trade_seq": 81, "trade_id": "171746549", "timestamp": 1627549942103, "tick_direction": 0, "price": 0.2135, "mark_price": 0.21276917, "iv": 84.61, "instrument_name": "BTC-31DEC21-42000-C", "index_price": 40069.78, "direction": "buy", "amount": 0.1}, {"trade_seq": 80, "trade_id": "171628502", "timestamp": 1627495708796, "tick_direction": 2, "price": 0.203, "mark_price": 0.20413199, "iv": 83.76, "instrument_name": "BTC-31DEC21-42000-C", "index_price": 39231.12, "direction": "buy", "amount": 1.0}, {"trade_seq": 79, "trade_id": "171503068", "timestamp": 1627461102432, "tick_direction": 0, "price": 0.2065, "mark_price": 0.20624546, "iv": 83.53, "instrument_name": "BTC-31DEC21-42000-C", "index_price": 39596.74, "direction": "sell", "amount": 0.7}, {"trade_seq": 78, "trade_id": "171413432", "timestamp": 1627431384088, "tick_direction": 0, "price": 0.204, "mark_price": 0.20341623, "iv": 83.73, "instrument_name": "BTC-31DEC21-42000-C", "index_price": 39268.62, "direction": "sell", "amount": 0.3}, {"trade_seq": 77, "trade_id": "171173649", "timestamp": 1627363266546, "tick_direction": 2, "price": 0.183, "mark_price": 0.18242911, "iv": 83.14, "instrument_name": "BTC-31DEC21-42000-C", "index_price": 37161.01, "direction": "buy", "amount": 0.1}, {"trade_seq": 76, "trade_id": "171064451", "timestamp": 1627335511757, "tick_direction": 2, "price": 0.184, "mark_price": 0.18466519, "iv": 83.22, "instrument_name": "BTC-31DEC21-42000-C", "index_price": 37109.74, "direction": "sell", "amount": 0.1}, {"trade_seq": 75, "trade_id": "171036743", "timestamp": 1627331525308, "tick_direction": 0, "price": 0.1905, "mark_price": 0.19334122, "iv": 82.37, "instrument_name": "BTC-31DEC21-42000-C", "index_price": 38013.96, "direction": "sell", "amount": 0.1}, {"trade_seq": 74, "trade_id": "170794416", "timestamp": 1627287003722, "tick_direction": 2, "price": 0.188, "mark_price": 0.18768993, "iv": 82.13, "instrument_name": "BTC-31DEC21-42000-C", "index_price": 37862.44, "direction": "sell", "amount": 0.1}, {"trade_seq": 73, "trade_id": "170789280", "timestamp": 1627286482029, "tick_direction": 2, "price": 0.191, "mark_price": 0.1908333, "iv": 82.02, "instrument_name": "BTC-31DEC21-42000-C", "index_price": 38203.66, "direction": "buy", "amount": 0.1}, {"trade_seq": 72, "trade_id": "170777479", "timestamp": 1627284960489, "tick_direction": 2, "price": 0.1955, "mark_price": 0.19479525, "iv": 82.19, "instrument_name": "BTC-31DEC21-42000-C", "index_price": 38591.09, "direction": "buy", "amount": 0.1}, {"trade_seq": 71, "trade_id": "170735085", "timestamp": 1627273182733, "tick_direction": 0, "price": 0.196, "mark_price": 0.19637872, "iv": 82.98, "instrument_name": "BTC-31DEC21-42000-C", "index_price": 38346.78, "direction": "buy", "amount": 0.1}, {"trade_seq": 70, "trade_id": "170734729", "timestamp": 1627273049624, "tick_direction": 0, "price": 0.195, "mark_price": 0.19577146, "iv": 82.83, "instrument_name": "BTC-31DEC21-42000-C", "index_price": 38290.19, "direction": "buy", "amount": 0.1}, {"trade_seq": 69, "trade_id": "170636423", "timestamp": 1627261013371, "tick_direction": 0, "price": 0.1745, "mark_price": 0.1749484, "iv": 82.42, "instrument_name": "BTC-31DEC21-42000-C", "index_price": 36279.52, "direction": "sell", "amount": 0.6}, {"trade_seq": 68, "trade_id": "170523061", "timestamp": 1627214652614, "tick_direction": 2, "price": 0.154, "mark_price": 0.15503241, "iv": 82.75, "instrument_name": "BTC-31DEC21-42000-C", "index_price": 34287.27, "direction": "buy", "amount": 0.1}, {"trade_seq": 67, "trade_id": "170502597", "timestamp": 1627201936983, "tick_direction": 2, "price": 0.157, "mark_price": 0.1559697, "iv": 81.86, "instrument_name": "BTC-31DEC21-42000-C", "index_price": 34679.99, "direction": "buy", "amount": 7.4}, {"trade_seq": 66, "trade_id": "170496643", "timestamp": 1627199093350, "tick_direction": 0, "price": 0.159, "mark_price": 0.15836106, "iv": 82.04, "instrument_name": "BTC-31DEC21-42000-C", "index_price": 34784.76, "direction": "sell", "amount": 0.1}, {"trade_seq": 65, "trade_id": "170474926", "timestamp": 1627188159003, "tick_direction": 1, "price": 0.1575, "mark_price": 0.15410836, "iv": 82.43, "instrument_name": "BTC-31DEC21-42000-C", "index_price": 34478.61, "direction": "buy", "amount": 4.6}, {"trade_seq": 64, "trade_id": "170474925", "timestamp": 1627188159003, "tick_direction": 0, "price": 0.1575, "mark_price": 0.15410836, "iv": 82.43, "instrument_name": "BTC-31DEC21-42000-C", "index_price": 34478.61, "direction": "buy", "amount": 8.0}, {"trade_seq": 63, "trade_id": "170473611", "timestamp": 1627187726467, "tick_direction": 1, "price": 0.1555, "mark_price": 0.15187002, "iv": 81.89, "instrument_name": "BTC-31DEC21-42000-C", "index_price": 34422.06, "direction": "buy", "amount": 6.4}, {"trade_seq": 62, "trade_id": "170473610", "timestamp": 1627187726467, "tick_direction": 0, "price": 0.1555, "mark_price": 0.15187002, "iv": 81.89, "instrument_name": "BTC-31DEC21-42000-C", "index_price": 34422.06, "direction": "buy", "amount": 3.6}, {"trade_seq": 61, "trade_id": "170387478", "timestamp": 1627145557427, "tick_direction": 3, "price": 0.148, "mark_price": 0.14813841, "iv": 79.62, "instrument_name": "BTC-31DEC21-42000-C", "index_price": 34419.72, "direction": "buy", "amount": 0.2}, {"trade_seq": 60, "trade_id": "170387419", "timestamp": 1627145556930, "tick_direction": 3, "price": 0.148, "mark_price": 0.14813415, "iv": 79.63, "instrument_name": "BTC-31DEC21-42000-C", "index_price": 34419.72, "direction": "buy", "amount": 0.3}, {"trade_seq": 59, "trade_id": "170387406", "timestamp": 1627145556562, "tick_direction": 2, "price": 0.148, "mark_price": 0.14813415, "iv": 79.63, "instrument_name": "BTC-31DEC21-42000-C", "index_price": 34419.72, "direction": "buy", "amount": 0.4}, {"trade_seq": 58, "trade_id": "170387405", "timestamp": 1627145556360, "tick_direction": 0, "price": 0.1485, "mark_price": 0.14813415, "iv": 79.82, "instrument_name": "BTC-31DEC21-42000-C", "index_price": 34419.7, "direction": "buy", "amount": 0.1}, {"trade_seq": 57, "trade_id": "170375280", "timestamp": 1627142133249, "tick_direction": 2, "price": 0.144, "mark_price": 0.14416525, "iv": 79.92, "instrument_name": "BTC-31DEC21-42000-C", "index_price": 33932.09, "direction": "buy", "amount": 0.1}, {"trade_seq": 56, "trade_id": "170365305", "timestamp": 1627138076149, "tick_direction": 1, "price": 0.1455, "mark_price": 0.14444734, "iv": 80.5, "instrument_name": "BTC-31DEC21-42000-C", "index_price": 33928.72, "direction": "sell", "amount": 0.6}, {"trade_seq": 55, "trade_id": "170365302", "timestamp": 1627138074021, "tick_direction": 1, "price": 0.1455, "mark_price": 0.14441965, "iv": 80.51, "instrument_name": "BTC-31DEC21-42000-C", "index_price": 33927.8, "direction": "sell", "amount": 0.1}, {"trade_seq": 54, "trade_id": "170365283", "timestamp": 1627138073003, "tick_direction": 1, "price": 0.1455, "mark_price": 0.14442407, "iv": 80.51, "instrument_name": "BTC-31DEC21-42000-C", "index_price": 33927.85, "direction": "sell", "amount": 0.1}, {"trade_seq": 53, "trade_id": "170365275", "timestamp": 1627138070983, "tick_direction": 1, "price": 0.1455, "mark_price": 0.1444196, "iv": 80.51, "instrument_name": "BTC-31DEC21-42000-C", "index_price": 33928.04, "direction": "sell", "amount": 0.1}, {"trade_seq": 52, "trade_id": "170365273", "timestamp": 1627138068968, "tick_direction": 1, "price": 0.1455, "mark_price": 0.14441258, "iv": 80.51, "instrument_name": "BTC-31DEC21-42000-C", "index_price": 33927.19, "direction": "sell", "amount": 0.1}, {"trade_seq": 51, "trade_id": "170365271", "timestamp": 1627138066946, "tick_direction": 1, "price": 0.1455, "mark_price": 0.14441431, "iv": 80.51, "instrument_name": "BTC-31DEC21-42000-C", "index_price": 33927.26, "direction": "sell", "amount": 0.2}, {"trade_seq": 50, "trade_id": "170365270", "timestamp": 1627138065117, "tick_direction": 0, "price": 0.1455, "mark_price": 0.14440264, "iv": 80.51, "instrument_name": "BTC-31DEC21-42000-C", "index_price": 33927.59, "direction": "sell", "amount": 0.4}, {"trade_seq": 49, "trade_id": "170365235", "timestamp": 1627138052813, "tick_direction": 1, "price": 0.145, "mark_price": 0.14431741, "iv": 80.34, "instrument_name": "BTC-31DEC21-42000-C", "index_price": 33923.58, "direction": "sell", "amount": 0.1}, {"trade_seq": 48, "trade_id": "170365234", "timestamp": 1627138050783, "tick_direction": 1, "price": 0.145, "mark_price": 0.14432591, "iv": 80.34, "instrument_name": "BTC-31DEC21-42000-C", "index_price": 33924.96, "direction": "sell", "amount": 0.1}, {"trade_seq": 47, "trade_id": "170365233", "timestamp": 1627138050488, "tick_direction": 0, "price": 0.145, "mark_price": 0.14432591, "iv": 80.34, "instrument_name": "BTC-31DEC21-42000-C", "index_price": 33924.96, "direction": "sell", "amount": 0.2}, {"trade_seq": 46, "trade_id": "170354178", "timestamp": 1627131936183, "tick_direction": 0, "price": 0.143, "mark_price": 0.14228599, "iv": 79.91, "instrument_name": "BTC-31DEC21-42000-C", "index_price": 33850.47, "direction": "sell", "amount": 0.1}, {"trade_seq": 45, "trade_id": "170236758", "timestamp": 1627080804151, "tick_direction": 0, "price": 0.134, "mark_price": 0.13501476, "iv": 79.71, "instrument_name": "BTC-31DEC21-42000-C", "index_price": 33190.93, "direction": "sell", "amount": 0.2}, {"trade_seq": 44, "trade_id": "170113156", "timestamp": 1627026938582, "tick_direction": 0, "price": 0.126, "mark_price": 0.12688586, "iv": 79.9, "instrument_name": "BTC-31DEC21-42000-C", "index_price": 32459.85, "direction": "buy", "amount": 0.5}, {"trade_seq": 43, "trade_id": "169996043", "timestamp": 1626964536626, "tick_direction": 0, "price": 0.1253, "mark_price": 0.1259528, "iv": 80.97, "instrument_name": "BTC-31DEC21-42000-C", "index_price": 32138.45, "direction": "buy", "block_trade_id": "17549", "amount": 40.0}, {"trade_seq": 42, "trade_id": "169976789", "timestamp": 1626952625723, "tick_direction": 2, "price": 0.123, "mark_price": 0.12242532, "iv": 81.4, "instrument_name": "BTC-31DEC21-42000-C", "index_price": 31790.59, "direction": "buy", "amount": 2.0}, {"trade_seq": 41, "trade_id": "169971081", "timestamp": 1626948995499, "tick_direction": 3, "price": 0.1235, "mark_price": 0.12364195, "iv": 81.3, "instrument_name": "BTC-31DEC21-42000-C", "index_price": 31872.44, "direction": "sell", "amount": 4.8}, {"trade_seq": 40, "trade_id": "169968720", "timestamp": 1626947361205, "tick_direction": 2, "price": 0.1235, "mark_price": 0.12408605, "iv": 81.32, "instrument_name": "BTC-31DEC21-42000-C", "index_price": 31865.94, "direction": "sell", "amount": 0.5}, {"trade_seq": 39, "trade_id": "169867993", "timestamp": 1626893803562, "tick_direction": 1, "price": 0.127, "mark_price": 0.12573349, "iv": 82.28, "instrument_name": "BTC-31DEC21-42000-C", "index_price": 31864.41, "direction": "sell", "amount": 10.3}, {"trade_seq": 38, "trade_id": "169867979", "timestamp": 1626893802767, "tick_direction": 1, "price": 0.127, "mark_price": 0.12588095, "iv": 82.22, "instrument_name": "BTC-31DEC21-42000-C", "index_price": 31870.46, "direction": "sell", "amount": 0.7}, {"trade_seq": 37, "trade_id": "169867976", "timestamp": 1626893802498, "tick_direction": 1, "price": 0.127, "mark_price": 0.12588095, "iv": 82.22, "instrument_name": "BTC-31DEC21-42000-C", "index_price": 31870.46, "direction": "sell", "amount": 1.5}, {"trade_seq": 36, "trade_id": "169867975", "timestamp": 1626893802469, "tick_direction": 1, "price": 0.127, "mark_price": 0.12588095, "iv": 82.22, "instrument_name": "BTC-31DEC21-42000-C", "index_price": 31870.46, "direction": "sell", "amount": 10.0}, {"trade_seq": 35, "trade_id": "169867958", "timestamp": 1626893801595, "tick_direction": 1, "price": 0.127, "mark_price": 0.12588457, "iv": 82.21, "instrument_name": "BTC-31DEC21-42000-C", "index_price": 31880.57, "direction": "sell", "amount": 0.1}, {"trade_seq": 34, "trade_id": "169867901", "timestamp": 1626893797484, "tick_direction": 1, "price": 0.127, "mark_price": 0.12596771, "iv": 82.2, "instrument_name": "BTC-31DEC21-42000-C", "index_price": 31885.67, "direction": "sell", "amount": 0.1}, {"trade_seq": 33, "trade_id": "169867868", "timestamp": 1626893794595, "tick_direction": 1, "price": 0.127, "mark_price": 0.12613418, "iv": 82.13, "instrument_name": "BTC-31DEC21-42000-C", "index_price": 31902.85, "direction": "sell", "amount": 0.1}, {"trade_seq": 32, "trade_id": "169867841", "timestamp": 1626893793419, "tick_direction": 1, "price": 0.127, "mark_price": 0.12613623, "iv": 82.11, "instrument_name": "BTC-31DEC21-42000-C", "index_price": 31907.89, "direction": "sell", "amount": 0.1}, {"trade_seq": 31, "trade_id": "169867817", "timestamp": 1626893792700, "tick_direction": 1, "price": 0.127, "mark_price": 0.12622916, "iv": 82.07, "instrument_name": "BTC-31DEC21-42000-C", "index_price": 31909.48, "direction": "sell", "amount": 0.1}, {"trade_seq": 30, "trade_id": "169867810", "timestamp": 1626893792458, "tick_direction": 1, "price": 0.127, "mark_price": 0.12622916, "iv": 82.07, "instrument_name": "BTC-31DEC21-42000-C", "index_price": 31909.48, "direction": "sell", "amount": 0.1}, {"trade_seq": 29, "trade_id": "169867809", "timestamp": 1626893792439, "tick_direction": 1, "price": 0.127, "mark_price": 0.12622916, "iv": 82.07, "instrument_name": "BTC-31DEC21-42000-C", "index_price": 31909.48, "direction": "sell", "amount": 0.1}, {"trade_seq": 28, "trade_id": "169867797", "timestamp": 1626893792062, "tick_direction": 1, "price": 0.127, "mark_price": 0.12622916, "iv": 82.07, "instrument_name": "BTC-31DEC21-42000-C", "index_price": 31909.48, "direction": "sell", "amount": 0.1}, {"trade_seq": 27, "trade_id": "169867794", "timestamp": 1626893791931, "tick_direction": 1, "price": 0.127, "mark_price": 0.12624223, "iv": 82.07, "instrument_name": "BTC-31DEC21-42000-C", "index_price": 31909.48, "direction": "sell", "amount": 4.8}, {"trade_seq": 26, "trade_id": "169867759", "timestamp": 1626893790651, "tick_direction": 1, "price": 0.127, "mark_price": 0.12643423, "iv": 81.99, "instrument_name": "BTC-31DEC21-42000-C", "index_price": 31935.38, "direction": "sell", "amount": 0.1}, {"trade_seq": 25, "trade_id": "169867658", "timestamp": 1626893789609, "tick_direction": 1, "price": 0.127, "mark_price": 0.12643742, "iv": 81.99, "instrument_name": "BTC-31DEC21-42000-C", "index_price": 31938.1, "direction": "sell", "amount": 0.1}, {"trade_seq": 24, "trade_id": "169867637", "timestamp": 1626893787968, "tick_direction": 1, "price": 0.127, "mark_price": 0.12647607, "iv": 81.98, "instrument_name": "BTC-31DEC21-42000-C", "index_price": 31939.6, "direction": "sell", "amount": 0.1}, {"trade_seq": 23, "trade_id": "169867522", "timestamp": 1626893758508, "tick_direction": 1, "price": 0.127, "mark_price": 0.12654009, "iv": 81.94, "instrument_name": "BTC-31DEC21-42000-C", "index_price": 31954.19, "direction": "sell", "amount": 0.1}, {"trade_seq": 22, "trade_id": "169867441", "timestamp": 1626893750568, "tick_direction": 1, "price": 0.127, "mark_price": 0.12674686, "iv": 81.89, "instrument_name": "BTC-31DEC21-42000-C", "index_price": 31964.93, "direction": "sell", "amount": 0.1}, {"trade_seq": 21, "trade_id": "169867385", "timestamp": 1626893749106, "tick_direction": 1, "price": 0.127, "mark_price": 0.1267551, "iv": 81.85, "instrument_name": "BTC-31DEC21-42000-C", "index_price": 31972.78, "direction": "sell", "amount": 0.1}, {"trade_seq": 20, "trade_id": "169867374", "timestamp": 1626893745862, "tick_direction": 1, "price": 0.127, "mark_price": 0.12678371, "iv": 81.83, "instrument_name": "BTC-31DEC21-42000-C", "index_price": 31978.94, "direction": "sell", "amount": 0.1}, {"trade_seq": 19, "trade_id": "169858886", "timestamp": 1626892351469, "tick_direction": 1, "price": 0.127, "mark_price": 0.12601354, "iv": 82.09, "instrument_name": "BTC-31DEC21-42000-C", "index_price": 31948.43, "direction": "sell", "amount": 0.1}, {"trade_seq": 18, "trade_id": "169858880", "timestamp": 1626892351379, "tick_direction": 1, "price": 0.127, "mark_price": 0.12601354, "iv": 82.09, "instrument_name": "BTC-31DEC21-42000-C", "index_price": 31948.43, "direction": "sell", "amount": 0.1}, {"trade_seq": 17, "trade_id": "169858833", "timestamp": 1626892350482, "tick_direction": 1, "price": 0.127, "mark_price": 0.12617732, "iv": 82.03, "instrument_name": "BTC-31DEC21-42000-C", "index_price": 31967.38, "direction": "sell", "amount": 0.1}, {"trade_seq": 16, "trade_id": "169858779", "timestamp": 1626892350096, "tick_direction": 1, "price": 0.127, "mark_price": 0.1261784, "iv": 82.03, "instrument_name": "BTC-31DEC21-42000-C", "index_price": 31967.38, "direction": "sell", "amount": 0.1}, {"trade_seq": 15, "trade_id": "169858765", "timestamp": 1626892349751, "tick_direction": 1, "price": 0.127, "mark_price": 0.1261784, "iv": 82.03, "instrument_name": "BTC-31DEC21-42000-C", "index_price": 31967.38, "direction": "sell", "amount": 0.1}, {"trade_seq": 14, "trade_id": "169858763", "timestamp": 1626892349698, "tick_direction": 1, "price": 0.127, "mark_price": 0.1261784, "iv": 82.03, "instrument_name": "BTC-31DEC21-42000-C", "index_price": 31967.38, "direction": "sell", "amount": 0.1}, {"trade_seq": 13, "trade_id": "169858754", "timestamp": 1626892349451, "tick_direction": 1, "price": 0.127, "mark_price": 0.1261784, "iv": 82.03, "instrument_name": "BTC-31DEC21-42000-C", "index_price": 31966.27, "direction": "sell", "amount": 0.1}, {"trade_seq": 12, "trade_id": "169858707", "timestamp": 1626892348402, "tick_direction": 1, "price": 0.127, "mark_price": 0.12629978, "iv": 81.98, "instrument_name": "BTC-31DEC21-42000-C", "index_price": 31979.87, "direction": "sell", "amount": 0.1}, {"trade_seq": 11, "trade_id": "169858662", "timestamp": 1626892347525, "tick_direction": 1, "price": 0.127, "mark_price": 0.1266053, "iv": 81.86, "instrument_name": "BTC-31DEC21-42000-C", "index_price": 31999.55, "direction": "sell", "amount": 0.1}, {"trade_seq": 10, "trade_id": "169858608", "timestamp": 1626892346686, "tick_direction": 1, "price": 0.127, "mark_price": 0.12664484, "iv": 81.86, "instrument_name": "BTC-31DEC21-42000-C", "index_price": 31999.55, "direction": "sell", "amount": 0.1}, {"trade_seq": 9, "trade_id": "169858468", "timestamp": 1626892344481, "tick_direction": 1, "price": 0.127, "mark_price": 0.12670745, "iv": 81.82, "instrument_name": "BTC-31DEC21-42000-C", "index_price": 32021.17, "direction": "sell", "amount": 0.1}, {"trade_seq": 8, "trade_id": "169858467", "timestamp": 1626892344473, "tick_direction": 0, "price": 0.127, "mark_price": 0.12670745, "iv": 81.82, "instrument_name": "BTC-31DEC21-42000-C", "index_price": 32021.17, "direction": "sell", "amount": 0.1}, {"trade_seq": 7, "trade_id": "169740839", "timestamp": 1626861388757, "tick_direction": 2, "price": 0.123, "mark_price": 0.12270561, "iv": 82.84, "instrument_name": "BTC-31DEC21-42000-C", "index_price": 31373.54, "direction": "buy", "amount": 15.0}, {"trade_seq": 6, "trade_id": "169329303", "timestamp": 1626706400181, "tick_direction": 2, "price": 0.1251, "mark_price": 0.12417067, "iv": 85.46, "instrument_name": "BTC-31DEC21-42000-C", "index_price": 30713.99, "direction": "buy", "block_trade_id": "17389", "amount": 30.0}, {"trade_seq": 5, "trade_id": "169123196", "timestamp": 1626579292929, "tick_direction": 3, "price": 0.138, "mark_price": 0.13872619, "iv": 84.52, "instrument_name": "BTC-31DEC21-42000-C", "index_price": 32120.72, "direction": "sell", "amount": 0.1}, {"trade_seq": 4, "trade_id": "169123139", "timestamp": 1626579181003, "tick_direction": 2, "price": 0.138, "mark_price": 0.13851366, "iv": 84.55, "instrument_name": "BTC-31DEC21-42000-C", "index_price": 32118.15, "direction": "sell", "amount": 0.1}, {"trade_seq": 3, "trade_id": "168673687", "timestamp": 1626336190798, "tick_direction": 2, "price": 0.148, "mark_price": 0.14822007, "iv": 86.68, "instrument_name": "BTC-31DEC21-42000-C", "index_price": 32482.28, "direction": "buy", "amount": 7.5}, {"trade_seq": 2, "trade_id": "168669257", "timestamp": 1626333098963, "tick_direction": 2, "price": 0.15, "mark_price": 0.14886588, "iv": 87.32, "instrument_name": "BTC-31DEC21-42000-C", "index_price": 32500.69, "direction": "sell", "amount": 1.0}, {"trade_seq": 1, "trade_id": "168658678", "timestamp": 1626323251380, "tick_direction": 1, "price": 0.152, "mark_price": 0.15132377, "iv": 87.61, "instrument_name": "BTC-31DEC21-42000-C", "index_price": 32614.25, "direction": "sell", "amount": 0.1}], "has_more": false}