{"trades": [{"trade_seq": 2101, "trade_id": "194765421", "timestamp": 1639331125354, "tick_direction": 3, "price": 0.0001, "mark_price": 0.0, "iv": 263.7, "instrument_name": "BTC-31DEC21-400000-C", "index_price": 50047.38, "direction": "buy", "block_trade_id": "27356", "amount": 40.0}, {"trade_seq": 2100, "trade_id": "193435400", "timestamp": 1638639342316, "tick_direction": 2, "price": 0.0001, "mark_price": 0.0, "iv": 224.54, "instrument_name": "BTC-31DEC21-400000-C", "index_price": 48013.19, "direction": "buy", "block_trade_id": "26949", "amount": 15.0}, {"trade_seq": 2099, "trade_id": "193185344", "timestamp": 1638595603806, "tick_direction": 3, "price": 0.0005, "mark_price": 0.0, "liquidation": "T", "iv": 259.5, "instrument_name": "BTC-31DEC21-400000-C", "index_price": 44948.22, "direction": "buy", "amount": 1.0}, {"trade_seq": 2098, "trade_id": "192718204", "timestamp": 1638393876351, "tick_direction": 3, "price": 0.0005, "mark_price": 0.0, "iv": 223.64, "instrument_name": "BTC-31DEC21-400000-C", "index_price": 56867.17, "direction": "buy", "amount": 0.3}, {"trade_seq": 2097, "trade_id": "192718203", "timestamp": 1638393876351, "tick_direction": 3, "price": 0.0005, "mark_price": 0.0, "iv": 223.64, "instrument_name": "BTC-31DEC21-400000-C", "index_price": 56867.17, "direction": "buy", "amount": 1.7}, {"trade_seq": 2096, "trade_id": "192444626", "timestamp": 1638270800769, "tick_direction": 3, "price": 0.0005, "mark_price": 0.0, "iv": 218.09, "instrument_name": "BTC-31DEC21-400000-C", "index_price": 57154.23, "direction": "buy", "amount": 0.5}, {"trade_seq": 2095, "trade_id": "191842326", "timestamp": 1637920330028, "tick_direction": 3, "price": 0.0005, "mark_price": 5e-08, "iv": 208.59, "instrument_name": "BTC-31DEC21-400000-C", "index_price": 54904.41, "direction": "buy", "amount": 0.8}, {"trade_seq": 2094, "trade_id": "191842325", "timestamp": 1637920330028, "tick_direction": 3, "price": 0.0005, "mark_price": 5e-08, "iv": 208.59, "instrument_name": "BTC-31DEC21-400000-C", "index_price": 54904.41, "direction": "buy", "amount": 0.1}, {"trade_seq": 2093, "trade_id": "191842324", "timestamp": 1637920330028, "tick_direction": 3, "price": 0.0005, "mark_price": 5e-08, "iv": 208.59, "instrument_name": "BTC-31DEC21-400000-C", "index_price": 54904.41, "direction": "buy", "amount": 0.1}, {"trade_seq": 2092, "trade_id": "191842323", "timestamp": 1637920330028, "tick_direction": 3, "price": 0.0005, "mark_price": 5e-08, "iv": 208.59, "instrument_name": "BTC-31DEC21-400000-C", "index_price": 54904.41, "direction": "buy", "amount": 0.1}, {"trade_seq": 2091, "trade_id": "191842322", "timestamp": 1637920330028, "tick_direction": 3, "price": 0.0005, "mark_price": 5e-08, "iv": 208.59, "instrument_name": "BTC-31DEC21-400000-C", "index_price": 54904.41, "direction": "buy", "amount": 0.9}, {"trade_seq": 2090, "trade_id": "191647994", "timestamp": 1637854676541, "tick_direction": 3, "price": 0.0005, "mark_price": 3e-08, "iv": 200.23, "instrument_name": "BTC-31DEC21-400000-C", "index_price": 58724.79, "direction": "buy", "amount": 1.0}, {"trade_seq": 2089, "trade_id": "191095417", "timestamp": 1637609525029, "tick_direction": 3, "price": 0.0005, "mark_price": 1.9e-07, "iv": 196.53, "instrument_name": "BTC-31DEC21-400000-C", "index_price": 56088.4, "direction": "buy", "amount": 0.5}, {"trade_seq": 2088, "trade_id": "191095318", "timestamp": 1637609515704, "tick_direction": 3, "price": 0.0005, "mark_price": 1.9e-07, "iv": 196.51, "instrument_name": "BTC-31DEC21-400000-C", "index_price": 56108.74, "direction": "buy", "amount": 0.5}, {"trade_seq": 2087, "trade_id": "189447376", "timestamp": 1636769057317, "tick_direction": 3, "price": 0.0005, "mark_price": 1.19e-06, "iv": 165.36, "instrument_name": "BTC-31DEC21-400000-C", "index_price": 63903.99, "direction": "buy", "amount": 0.1}, {"trade_seq": 2086, "trade_id": "188219843", "timestamp": 1636116253967, "tick_direction": 3, "price": 0.0005, "mark_price": 4.82e-06, "iv": 156.16, "instrument_name": "BTC-31DEC21-400000-C", "index_price": 61362.38, "direction": "buy", "amount": 1.0}, {"trade_seq": 2085, "trade_id": "188172454", "timestamp": 1636085417238, "tick_direction": 3, "price": 0.0005, "mark_price": 6.03e-06, "iv": 154.61, "instrument_name": "BTC-31DEC21-400000-C", "index_price": 62211.95, "direction": "buy", "amount": 0.9}, {"trade_seq": 2084, "trade_id": "188168882", "timestamp": 1636082384280, "tick_direction": 3, "price": 0.0005, "mark_price": 6.71e-06, "iv": 154.37, "instrument_name": "BTC-31DEC21-400000-C", "index_price": 62329.86, "direction": "buy", "amount": 0.1}, {"trade_seq": 2083, "trade_id": "187809172", "timestamp": 1635865649073, "tick_direction": 3, "price": 0.0005, "mark_price": 0.00065753, "iv": 149.49, "instrument_name": "BTC-31DEC21-400000-C", "index_price": 63453.09, "direction": "sell", "amount": 0.5}, {"trade_seq": 2082, "trade_id": "187516597", "timestamp": 1635711927455, "tick_direction": 3, "price": 0.0005, "mark_price": 0.00012435, "iv": 150.43, "instrument_name": "BTC-31DEC21-400000-C", "index_price": 60977.72, "direction": "buy", "amount": 0.3}, {"trade_seq": 2081, "trade_id": "187505420", "timestamp": 1635695160633, "tick_direction": 3, "price": 0.0005, "mark_price": 0.00012429, "iv": 150.49, "instrument_name": "BTC-31DEC21-400000-C", "index_price": 60650.96, "direction": "buy", "amount": 0.4}, {"trade_seq": 2080, "trade_id": "187495174", "timestamp": 1635687084835, "tick_direction": 3, "price": 0.0005, "mark_price": 0.00012215, "iv": 150.77, "instrument_name": "BTC-31DEC21-400000-C", "index_price": 60295.75, "direction": "buy", "amount": 0.4}, {"trade_seq": 2079, "trade_id": "187397863", "timestamp": 1635603252300, "tick_direction": 3, "price": 0.0005, "mark_price": 0.00071688, "iv": 148.09, "instrument_name": "BTC-31DEC21-400000-C", "index_price": 61480.72, "direction": "sell", "amount": 0.5}, {"trade_seq": 2078, "trade_id": "187397862", "timestamp": 1635603252300, "tick_direction": 3, "price": 0.0005, "mark_price": 0.00071688, "iv": 148.09, "instrument_name": "BTC-31DEC21-400000-C", "index_price": 61480.72, "direction": "sell", "amount": 1.0}, {"trade_seq": 2077, "trade_id": "186747336", "timestamp": 1635326779537, "tick_direction": 3, "price": 0.0005, "mark_price": 0.00069367, "iv": 147.53, "instrument_name": "BTC-31DEC21-400000-C", "index_price": 58829.32, "direction": "buy", "amount": 0.1}, {"trade_seq": 2076, "trade_id": "186747314", "timestamp": 1635326770319, "tick_direction": 3, "price": 0.0005, "mark_price": 0.00071736, "iv": 147.52, "instrument_name": "BTC-31DEC21-400000-C", "index_price": 58849.94, "direction": "buy", "amount": 0.1}, {"trade_seq": 2075, "trade_id": "186747313", "timestamp": 1635326770300, "tick_direction": 3, "price": 0.0005, "mark_price": 0.00071736, "iv": 147.52, "instrument_name": "BTC-31DEC21-400000-C", "index_price": 58849.94, "direction": "sell", "amount": 0.1}, {"trade_seq": 2074, "trade_id": "186747312", "timestamp": 1635326770300, "tick_direction": 2, "price": 0.0005, "mark_price": 0.00071736, "iv": 147.52, "instrument_name": "BTC-31DEC21-400000-C", "index_price": 58849.94, "direction": "sell", "amount": 0.2}, {"trade_seq": 2073, "trade_id": "186529099", "timestamp": 1635258840232, "tick_direction": 1, "price": 0.001, "mark_price": 0.00071996, "iv": 151.7, "instrument_name": "BTC-31DEC21-400000-C", "index_price": 62110.07, "direction": "buy", "amount": 5.0}, {"trade_seq": 2072, "trade_id": "186529098", "timestamp": 1635258840232, "tick_direction": 0, "price": 0.001, "mark_price": 0.00071996, "iv": 151.7, "instrument_name": "BTC-31DEC21-400000-C", "index_price": 62110.07, "direction": "buy", "amount": 5.0}, {"trade_seq": 2071, "trade_id": "186288834", "timestamp": 1635092147949, "tick_direction": 3, "price": 0.0005, "mark_price": 0.00025456, "iv": 143.15, "instrument_name": "BTC-31DEC21-400000-C", "index_price": 59792.57, "direction": "buy", "amount": 3.8}, {"trade_seq": 2070, "trade_id": "186288558", "timestamp": 1635092002997, "tick_direction": 3, "price": 0.0005, "mark_price": 0.00025374, "iv": 143.19, "instrument_name": "BTC-31DEC21-400000-C", "index_price": 59758.79, "direction": "buy", "amount": 2.4}, {"trade_seq": 2069, "trade_id": "186234190", "timestamp": 1635061607926, "tick_direction": 3, "price": 0.0005, "mark_price": 0.00070021, "iv": 141.63, "instrument_name": "BTC-31DEC21-400000-C", "index_price": 60834.09, "direction": "buy", "amount": 2.9}, {"trade_seq": 2068, "trade_id": "186183432", "timestamp": 1634994342707, "tick_direction": 2, "price": 0.0005, "mark_price": 0.00028175, "iv": 140.12, "instrument_name": "BTC-31DEC21-400000-C", "index_price": 61531.43, "direction": "buy", "amount": 3.3}, {"trade_seq": 2067, "trade_id": "186108551", "timestamp": 1634948202255, "tick_direction": 3, "price": 0.001, "mark_price": 0.00071567, "iv": 149.73, "instrument_name": "BTC-31DEC21-400000-C", "index_price": 60482.9, "direction": "sell", "amount": 2.0}, {"trade_seq": 2066, "trade_id": "186083284", "timestamp": 1634929574377, "tick_direction": 2, "price": 0.001, "mark_price": 0.00073117, "iv": 149.61, "instrument_name": "BTC-31DEC21-400000-C", "index_price": 60394.6, "direction": "sell", "amount": 2.0}, {"trade_seq": 2065, "trade_id": "185967016", "timestamp": 1634900466798, "tick_direction": 1, "price": 0.0015, "mark_price": 0.00089984, "iv": 151.91, "instrument_name": "BTC-31DEC21-400000-C", "index_price": 63241.22, "direction": "buy", "amount": 1.0}, {"trade_seq": 2064, "trade_id": "185966521", "timestamp": 1634900164023, "tick_direction": 1, "price": 0.0015, "mark_price": 0.00089844, "iv": 151.96, "instrument_name": "BTC-31DEC21-400000-C", "index_price": 63202.29, "direction": "buy", "amount": 1.0}, {"trade_seq": 2063, "trade_id": "185920985", "timestamp": 1634879620745, "tick_direction": 1, "price": 0.0015, "mark_price": 0.00118366, "iv": 151.72, "instrument_name": "BTC-31DEC21-400000-C", "index_price": 63085.55, "direction": "buy", "amount": 6.0}, {"trade_seq": 2062, "trade_id": "185913041", "timestamp": 1634872308196, "tick_direction": 1, "price": 0.0015, "mark_price": 0.00122635, "iv": 151.55, "instrument_name": "BTC-31DEC21-400000-C", "index_price": 63187.5, "direction": "buy", "amount": 3.8}, {"trade_seq": 2061, "trade_id": "185913040", "timestamp": 1634872308196, "tick_direction": 0, "price": 0.0015, "mark_price": 0.00122635, "iv": 151.55, "instrument_name": "BTC-31DEC21-400000-C", "index_price": 63187.5, "direction": "buy", "amount": 1.2}, {"trade_seq": 2060, "trade_id": "185686726", "timestamp": 1634810044240, "tick_direction": 2, "price": 0.001, "mark_price": 0.00120354, "iv": 141.39, "instrument_name": "BTC-31DEC21-400000-C", "index_price": 66247.36, "direction": "sell", "amount": 2.0}, {"trade_seq": 2059, "trade_id": "185562313", "timestamp": 1634775088559, "tick_direction": 0, "price": 0.0015, "mark_price": 0.00122845, "iv": 147.37, "instrument_name": "BTC-31DEC21-400000-C", "index_price": 65841.58, "direction": "buy", "amount": 1.1}, {"trade_seq": 2058, "trade_id": "185542702", "timestamp": 1634762987736, "tick_direction": 2, "price": 0.001, "mark_price": 0.00123099, "iv": 141.66, "instrument_name": "BTC-31DEC21-400000-C", "index_price": 65841.25, "direction": "sell", "amount": 1.0}, {"trade_seq": 2057, "trade_id": "185454015", "timestamp": 1634742586124, "tick_direction": 0, "price": 0.0015, "mark_price": 0.00126407, "iv": 145.93, "instrument_name": "BTC-31DEC21-400000-C", "index_price": 66712.17, "direction": "buy", "amount": 1.0}, {"trade_seq": 2056, "trade_id": "185198772", "timestamp": 1634648174842, "tick_direction": 1, "price": 0.001, "mark_price": 0.00105396, "iv": 144.29, "instrument_name": "BTC-31DEC21-400000-C", "index_price": 62173.25, "direction": "sell", "amount": 2.0}, {"trade_seq": 2055, "trade_id": "185197895", "timestamp": 1634647564137, "tick_direction": 1, "price": 0.001, "mark_price": 0.00122187, "iv": 144.16, "instrument_name": "BTC-31DEC21-400000-C", "index_price": 62254.5, "direction": "sell", "amount": 1.6}, {"trade_seq": 2054, "trade_id": "185194974", "timestamp": 1634646016437, "tick_direction": 0, "price": 0.001, "mark_price": 0.00123357, "iv": 144.18, "instrument_name": "BTC-31DEC21-400000-C", "index_price": 62251.55, "direction": "sell", "amount": 0.4}, {"trade_seq": 2053, "trade_id": "185084944", "timestamp": 1634569504820, "tick_direction": 3, "price": 0.0005, "mark_price": 0.00088321, "iv": 135.09, "instrument_name": "BTC-31DEC21-400000-C", "index_price": 61859.42, "direction": "sell", "amount": 2.8}, {"trade_seq": 2052, "trade_id": "185084943", "timestamp": 1634569504820, "tick_direction": 3, "price": 0.0005, "mark_price": 0.00088321, "iv": 135.09, "instrument_name": "BTC-31DEC21-400000-C", "index_price": 61859.42, "direction": "sell", "amount": 0.7}, {"trade_seq": 2051, "trade_id": "185084942", "timestamp": 1634569504820, "tick_direction": 3, "price": 0.0005, "mark_price": 0.00088321, "iv": 135.09, "instrument_name": "BTC-31DEC21-400000-C", "index_price": 61859.42, "direction": "sell", "amount": 0.1}, {"trade_seq": 2050, "trade_id": "185084941", "timestamp": 1634569504820, "tick_direction": 3, "price": 0.0005, "mark_price": 0.00088321, "iv": 135.09, "instrument_name": "BTC-31DEC21-400000-C", "index_price": 61859.42, "direction": "sell", "amount": 0.7}, {"trade_seq": 2049, "trade_id": "185008364", "timestamp": 1634545593135, "tick_direction": 2, "price": 0.0005, "mark_price": 0.00073216, "iv": 134.59, "instrument_name": "BTC-31DEC21-400000-C", "index_price": 62095.15, "direction": "sell", "amount": 0.1}, {"trade_seq": 2048, "trade_id": "184929294", "timestamp": 1634506980056, "tick_direction": 1, "price": 0.0015, "mark_price": 0.00091489, "iv": 150.71, "instrument_name": "BTC-31DEC21-400000-C", "index_price": 60236.86, "direction": "buy", "amount": 5.0}, {"trade_seq": 2047, "trade_id": "184927887", "timestamp": 1634506369547, "tick_direction": 1, "price": 0.0015, "mark_price": 0.00079981, "iv": 151.2, "instrument_name": "BTC-31DEC21-400000-C", "index_price": 59819.72, "direction": "buy", "amount": 11.9}, {"trade_seq": 2046, "trade_id": "184927886", "timestamp": 1634506369547, "tick_direction": 1, "price": 0.0015, "mark_price": 0.00079981, "iv": 151.2, "instrument_name": "BTC-31DEC21-400000-C", "index_price": 59819.72, "direction": "buy", "amount": 28.0}, {"trade_seq": 2045, "trade_id": "184927885", "timestamp": 1634506369547, "tick_direction": 0, "price": 0.0015, "mark_price": 0.00079981, "iv": 151.2, "instrument_name": "BTC-31DEC21-400000-C", "index_price": 59819.72, "direction": "buy", "amount": 5.0}, {"trade_seq": 2044, "trade_id": "184927797", "timestamp": 1634506251562, "tick_direction": 1, "price": 0.001, "mark_price": 0.00071766, "iv": 145.35, "instrument_name": "BTC-31DEC21-400000-C", "index_price": 59841.69, "direction": "buy", "amount": 5.0}, {"trade_seq": 2043, "trade_id": "184927796", "timestamp": 1634506251562, "tick_direction": 0, "price": 0.001, "mark_price": 0.00071766, "iv": 145.35, "instrument_name": "BTC-31DEC21-400000-C", "index_price": 59841.69, "direction": "buy", "amount": 0.1}, {"trade_seq": 2042, "trade_id": "184643175", "timestamp": 1634328383906, "tick_direction": 3, "price": 0.0005, "mark_price": 0.00084364, "iv": 132.74, "instrument_name": "BTC-31DEC21-400000-C", "index_price": 61337.68, "direction": "sell", "amount": 0.2}, {"trade_seq": 2041, "trade_id": "184643174", "timestamp": 1634328383906, "tick_direction": 2, "price": 0.0005, "mark_price": 0.00084364, "iv": 132.74, "instrument_name": "BTC-31DEC21-400000-C", "index_price": 61337.68, "direction": "sell", "amount": 0.3}, {"trade_seq": 2040, "trade_id": "184608715", "timestamp": 1634318727812, "tick_direction": 0, "price": 0.001, "mark_price": 0.00077204, "iv": 141.13, "instrument_name": "BTC-31DEC21-400000-C", "index_price": 61358.66, "direction": "sell", "amount": 2.0}, {"trade_seq": 2039, "trade_id": "184560685", "timestamp": 1634310559021, "tick_direction": 3, "price": 0.0005, "mark_price": 0.00074932, "iv": 134.07, "instrument_name": "BTC-31DEC21-400000-C", "index_price": 59957.37, "direction": "sell", "amount": 0.6}, {"trade_seq": 2038, "trade_id": "184560684", "timestamp": 1634310559021, "tick_direction": 3, "price": 0.0005, "mark_price": 0.00074932, "iv": 134.07, "instrument_name": "BTC-31DEC21-400000-C", "index_price": 59957.37, "direction": "sell", "amount": 0.1}, {"trade_seq": 2037, "trade_id": "184560683", "timestamp": 1634310559021, "tick_direction": 2, "price": 0.0005, "mark_price": 0.00074932, "iv": 134.07, "instrument_name": "BTC-31DEC21-400000-C", "index_price": 59957.37, "direction": "sell", "amount": 0.5}, {"trade_seq": 2036, "trade_id": "184556682", "timestamp": 1634308890546, "tick_direction": 3, "price": 0.001, "mark_price": 0.00089779, "iv": 142.61, "instrument_name": "BTC-31DEC21-400000-C", "index_price": 59949.49, "direction": "sell", "amount": 2.0}, {"trade_seq": 2035, "trade_id": "184556151", "timestamp": 1634308647405, "tick_direction": 3, "price": 0.001, "mark_price": 0.00087724, "iv": 142.68, "instrument_name": "BTC-31DEC21-400000-C", "index_price": 59878.93, "direction": "sell", "amount": 2.0}, {"trade_seq": 2034, "trade_id": "184555158", "timestamp": 1634308350083, "tick_direction": 3, "price": 0.001, "mark_price": 0.00084707, "iv": 142.65, "instrument_name": "BTC-31DEC21-400000-C", "index_price": 59907.95, "direction": "sell", "amount": 2.0}, {"trade_seq": 2033, "trade_id": "184554639", "timestamp": 1634308174621, "tick_direction": 3, "price": 0.001, "mark_price": 0.00078729, "iv": 142.69, "instrument_name": "BTC-31DEC21-400000-C", "index_price": 59862.81, "direction": "sell", "amount": 2.0}, {"trade_seq": 2032, "trade_id": "184477089", "timestamp": 1634281086317, "tick_direction": 3, "price": 0.001, "mark_price": 0.00123366, "iv": 142.59, "instrument_name": "BTC-31DEC21-400000-C", "index_price": 59625.99, "direction": "sell", "amount": 0.8}, {"trade_seq": 2031, "trade_id": "184477084", "timestamp": 1634281084320, "tick_direction": 3, "price": 0.001, "mark_price": 0.00123369, "iv": 142.59, "instrument_name": "BTC-31DEC21-400000-C", "index_price": 59631.13, "direction": "sell", "amount": 1.0}, {"trade_seq": 2030, "trade_id": "184477083", "timestamp": 1634281083254, "tick_direction": 3, "price": 0.001, "mark_price": 0.00123364, "iv": 142.59, "instrument_name": "BTC-31DEC21-400000-C", "index_price": 59631.1, "direction": "sell", "amount": 1.0}, {"trade_seq": 2029, "trade_id": "184476523", "timestamp": 1634280917130, "tick_direction": 3, "price": 0.001, "mark_price": 0.00123895, "iv": 142.56, "instrument_name": "BTC-31DEC21-400000-C", "index_price": 59645.08, "direction": "sell", "amount": 0.2}, {"trade_seq": 2028, "trade_id": "184469149", "timestamp": 1634277163480, "tick_direction": 3, "price": 0.001, "mark_price": 0.00121245, "iv": 142.67, "instrument_name": "BTC-31DEC21-400000-C", "index_price": 59467.23, "direction": "sell", "amount": 1.0}, {"trade_seq": 2027, "trade_id": "184101547", "timestamp": 1634106767989, "tick_direction": 3, "price": 0.001, "mark_price": 0.00071706, "iv": 145.53, "instrument_name": "BTC-31DEC21-400000-C", "index_price": 55448.42, "direction": "buy", "amount": 0.3}, {"trade_seq": 2026, "trade_id": "184000362", "timestamp": 1634054621375, "tick_direction": 3, "price": 0.001, "mark_price": 0.00071137, "iv": 144.13, "instrument_name": "BTC-31DEC21-400000-C", "index_price": 56177.65, "direction": "buy", "amount": 6.0}, {"trade_seq": 2025, "trade_id": "183940874", "timestamp": 1634022877725, "tick_direction": 3, "price": 0.001, "mark_price": 0.00090468, "iv": 142.45, "instrument_name": "BTC-31DEC21-400000-C", "index_price": 57402.87, "direction": "sell", "amount": 2.0}, {"trade_seq": 2024, "trade_id": "183940865", "timestamp": 1634022869655, "tick_direction": 3, "price": 0.001, "mark_price": 0.00090528, "iv": 142.44, "instrument_name": "BTC-31DEC21-400000-C", "index_price": 57408.29, "direction": "sell", "amount": 2.0}, {"trade_seq": 2023, "trade_id": "183939304", "timestamp": 1634021720448, "tick_direction": 3, "price": 0.001, "mark_price": 0.00089115, "iv": 142.65, "instrument_name": "BTC-31DEC21-400000-C", "index_price": 57245.83, "direction": "sell", "amount": 2.0}, {"trade_seq": 2022, "trade_id": "183865900", "timestamp": 1633968107730, "tick_direction": 3, "price": 0.001, "mark_price": 0.00071758, "iv": 141.65, "instrument_name": "BTC-31DEC21-400000-C", "index_price": 57518.55, "direction": "buy", "amount": 0.5}, {"trade_seq": 2021, "trade_id": "183436922", "timestamp": 1633682958437, "tick_direction": 3, "price": 0.001, "mark_price": 0.00088581, "iv": 140.96, "instrument_name": "BTC-31DEC21-400000-C", "index_price": 55753.76, "direction": "sell", "amount": 2.2}, {"trade_seq": 2020, "trade_id": "183380152", "timestamp": 1633668038862, "tick_direction": 2, "price": 0.001, "mark_price": 0.00123336, "iv": 142.95, "instrument_name": "BTC-31DEC21-400000-C", "index_price": 53923.84, "direction": "sell", "amount": 1.2}, {"trade_seq": 2019, "trade_id": "183371212", "timestamp": 1633654522906, "tick_direction": 0, "price": 0.0015, "mark_price": 0.00123057, "iv": 148.16, "instrument_name": "BTC-31DEC21-400000-C", "index_price": 54154.1, "direction": "buy", "amount": 2.0}, {"trade_seq": 2018, "trade_id": "183333432", "timestamp": 1633621426867, "tick_direction": 0, "price": 0.001, "mark_price": 0.00095329, "iv": 142.44, "instrument_name": "BTC-31DEC21-400000-C", "index_price": 53994.5, "direction": "sell", "amount": 1.2}, {"trade_seq": 2017, "trade_id": "183265085", "timestamp": 1633591287732, "tick_direction": 2, "price": 0.0005, "mark_price": 0.00089551, "iv": 133.29, "instrument_name": "BTC-31DEC21-400000-C", "index_price": 54415.37, "direction": "sell", "amount": 0.1}, {"trade_seq": 2016, "trade_id": "183208023", "timestamp": 1633560137792, "tick_direction": 3, "price": 0.001, "mark_price": 0.00143791, "iv": 140.66, "instrument_name": "BTC-31DEC21-400000-C", "index_price": 55072.32, "direction": "sell", "amount": 0.1}, {"trade_seq": 2015, "trade_id": "183208022", "timestamp": 1633560137792, "tick_direction": 2, "price": 0.001, "mark_price": 0.00143791, "iv": 140.66, "instrument_name": "BTC-31DEC21-400000-C", "index_price": 55072.32, "direction": "sell", "amount": 4.0}, {"trade_seq": 2014, "trade_id": "183151728", "timestamp": 1633534201959, "tick_direction": 1, "price": 0.0015, "mark_price": 0.00124138, "iv": 146.5, "instrument_name": "BTC-31DEC21-400000-C", "index_price": 54609.55, "direction": "buy", "amount": 0.1}, {"trade_seq": 2013, "trade_id": "183053647", "timestamp": 1633520213492, "tick_direction": 0, "price": 0.0015, "mark_price": 0.00089216, "iv": 150.17, "instrument_name": "BTC-31DEC21-400000-C", "index_price": 51290.65, "direction": "buy", "amount": 0.1}, {"trade_seq": 2012, "trade_id": "183041590", "timestamp": 1633513646608, "tick_direction": 3, "price": 0.001, "mark_price": 0.00071278, "iv": 145.38, "instrument_name": "BTC-31DEC21-400000-C", "index_price": 50479.8, "direction": "buy", "amount": 0.5}, {"trade_seq": 2011, "trade_id": "183017033", "timestamp": 1633505951325, "tick_direction": 3, "price": 0.001, "mark_price": 0.00123275, "iv": 144.26, "instrument_name": "BTC-31DEC21-400000-C", "index_price": 51394.97, "direction": "sell", "amount": 1.2}, {"trade_seq": 2010, "trade_id": "182851446", "timestamp": 1633396646954, "tick_direction": 3, "price": 0.001, "mark_price": 0.0012237, "iv": 145.51, "instrument_name": "BTC-31DEC21-400000-C", "index_price": 49406.53, "direction": "sell", "amount": 6.0}, {"trade_seq": 2009, "trade_id": "182733132", "timestamp": 1633355130469, "tick_direction": 3, "price": 0.001, "mark_price": 0.00119031, "iv": 147.02, "instrument_name": "BTC-31DEC21-400000-C", "index_price": 47901.33, "direction": "sell", "amount": 0.1}, {"trade_seq": 2008, "trade_id": "182664262", "timestamp": 1633297016704, "tick_direction": 3, "price": 0.001, "mark_price": 0.00122579, "iv": 146.42, "instrument_name": "BTC-31DEC21-400000-C", "index_price": 47919.48, "direction": "sell", "amount": 0.1}, {"trade_seq": 2007, "trade_id": "182664261", "timestamp": 1633297016704, "tick_direction": 2, "price": 0.001, "mark_price": 0.00122579, "iv": 146.42, "instrument_name": "BTC-31DEC21-400000-C", "index_price": 47919.48, "direction": "sell", "amount": 1.0}, {"trade_seq": 2006, "trade_id": "182518498", "timestamp": 1633169212901, "tick_direction": 0, "price": 0.0015, "mark_price": 0.00122567, "iv": 151.26, "instrument_name": "BTC-31DEC21-400000-C", "index_price": 47667.23, "direction": "buy", "amount": 0.1}, {"trade_seq": 2005, "trade_id": "182463998", "timestamp": 1633125127510, "tick_direction": 0, "price": 0.001, "mark_price": 0.00122867, "iv": 144.59, "instrument_name": "BTC-31DEC21-400000-C", "index_price": 48185.77, "direction": "sell", "amount": 0.1}, {"trade_seq": 2004, "trade_id": "182405685", "timestamp": 1633097984104, "tick_direction": 3, "price": 0.0005, "mark_price": 0.00088954, "iv": 137.12, "instrument_name": "BTC-31DEC21-400000-C", "index_price": 47147.25, "direction": "sell", "amount": 0.9}, {"trade_seq": 2003, "trade_id": "182405543", "timestamp": 1633097871585, "tick_direction": 2, "price": 0.0005, "mark_price": 0.00089104, "iv": 137.08, "instrument_name": "BTC-31DEC21-400000-C", "index_price": 47168.56, "direction": "sell", "amount": 0.1}, {"trade_seq": 2002, "trade_id": "182397457", "timestamp": 1633093422393, "tick_direction": 1, "price": 0.0015, "mark_price": 0.00089666, "iv": 150.97, "instrument_name": "BTC-31DEC21-400000-C", "index_price": 47303.98, "direction": "buy", "amount": 1.0}, {"trade_seq": 2001, "trade_id": "182392624", "timestamp": 1633091797122, "tick_direction": 1, "price": 0.0015, "mark_price": 0.0008844, "iv": 150.73, "instrument_name": "BTC-31DEC21-400000-C", "index_price": 47480.25, "direction": "buy", "amount": 19.2}, {"trade_seq": 2000, "trade_id": "181955240", "timestamp": 1632856595654, "tick_direction": 1, "price": 0.0015, "mark_price": 0.00090235, "iv": 156.1, "instrument_name": "BTC-31DEC21-400000-C", "index_price": 41741.84, "direction": "buy", "amount": 2.5}, {"trade_seq": 1999, "trade_id": "181875272", "timestamp": 1632816293564, "tick_direction": 1, "price": 0.0015, "mark_price": 0.00089915, "iv": 155.62, "instrument_name": "BTC-31DEC21-400000-C", "index_price": 41797.77, "direction": "buy", "amount": 0.1}, {"trade_seq": 1998, "trade_id": "181875234", "timestamp": 1632816277468, "tick_direction": 0, "price": 0.0015, "mark_price": 0.00089834, "iv": 155.63, "instrument_name": "BTC-31DEC21-400000-C", "index_price": 41792.08, "direction": "buy", "amount": 0.2}, {"trade_seq": 1997, "trade_id": "181863548", "timestamp": 1632812068053, "tick_direction": 3, "price": 0.001, "mark_price": 0.00122014, "iv": 149.45, "instrument_name": "BTC-31DEC21-400000-C", "index_price": 42044.0, "direction": "sell", "amount": 2.5}, {"trade_seq": 1996, "trade_id": "181863547", "timestamp": 1632812068053, "tick_direction": 3, "price": 0.001, "mark_price": 0.00122014, "iv": 149.45, "instrument_name": "BTC-31DEC21-400000-C", "index_price": 42044.0, "direction": "sell", "amount": 4.0}, {"trade_seq": 1995, "trade_id": "181863546", "timestamp": 1632812068053, "tick_direction": 3, "price": 0.001, "mark_price": 0.00122014, "iv": 149.45, "instrument_name": "BTC-31DEC21-400000-C", "index_price": 42044.0, "direction": "sell", "amount": 0.1}, {"trade_seq": 1994, "trade_id": "181863545", "timestamp": 1632812068053, "tick_direction": 3, "price": 0.001, "mark_price": 0.00122014, "iv": 149.45, "instrument_name": "BTC-31DEC21-400000-C", "index_price": 42044.0, "direction": "sell", "amount": 7.0}, {"trade_seq": 1993, "trade_id": "181800819", "timestamp": 1632760781978, "tick_direction": 3, "price": 0.001, "mark_price": 0.00142764, "iv": 147.36, "instrument_name": "BTC-31DEC21-400000-C", "index_price": 43248.28, "direction": "sell", "amount": 2.5}, {"trade_seq": 1992, "trade_id": "181790100", "timestamp": 1632753790620, "tick_direction": 2, "price": 0.001, "mark_price": 0.00121606, "iv": 147.09, "instrument_name": "BTC-31DEC21-400000-C", "index_price": 43402.99, "direction": "sell", "amount": 0.3}, {"trade_seq": 1991, "trade_id": "181762736", "timestamp": 1632735302028, "tick_direction": 3, "price": 0.0015, "mark_price": 0.00121091, "iv": 151.99, "instrument_name": "BTC-31DEC21-400000-C", "index_price": 43838.01, "direction": "buy", "amount": 0.9}, {"trade_seq": 1990, "trade_id": "181762735", "timestamp": 1632735302028, "tick_direction": 3, "price": 0.0015, "mark_price": 0.00121091, "iv": 151.99, "instrument_name": "BTC-31DEC21-400000-C", "index_price": 43838.01, "direction": "buy", "amount": 0.8}, {"trade_seq": 1989, "trade_id": "181480093", "timestamp": 1632514251010, "tick_direction": 3, "price": 0.0015, "mark_price": 0.0012384, "iv": 151.91, "instrument_name": "BTC-31DEC21-400000-C", "index_price": 42499.78, "direction": "buy", "amount": 0.1}, {"trade_seq": 1988, "trade_id": "181480081", "timestamp": 1632514208526, "tick_direction": 3, "price": 0.0015, "mark_price": 0.0012402, "iv": 151.89, "instrument_name": "BTC-31DEC21-400000-C", "index_price": 42503.56, "direction": "buy", "amount": 0.5}, {"trade_seq": 1987, "trade_id": "181272082", "timestamp": 1632470570868, "tick_direction": 3, "price": 0.0015, "mark_price": 0.00123231, "iv": 148.28, "instrument_name": "BTC-31DEC21-400000-C", "index_price": 44971.63, "direction": "buy", "amount": 0.2}, {"trade_seq": 1986, "trade_id": "181194215", "timestamp": 1632437773780, "tick_direction": 2, "price": 0.0015, "mark_price": 0.001752, "iv": 147.98, "instrument_name": "BTC-31DEC21-400000-C", "index_price": 44923.01, "direction": "sell", "amount": 0.1}, {"trade_seq": 1985, "trade_id": "181107075", "timestamp": 1632404863311, "tick_direction": 1, "price": 0.002, "mark_price": 0.00146182, "iv": 152.8, "instrument_name": "BTC-31DEC21-400000-C", "index_price": 44184.26, "direction": "buy", "amount": 10.0}, {"trade_seq": 1984, "trade_id": "181107074", "timestamp": 1632404863311, "tick_direction": 1, "price": 0.002, "mark_price": 0.00146182, "iv": 152.8, "instrument_name": "BTC-31DEC21-400000-C", "index_price": 44184.26, "direction": "buy", "amount": 4.3}, {"trade_seq": 1983, "trade_id": "180933052", "timestamp": 1632335513130, "tick_direction": 0, "price": 0.002, "mark_price": 0.0014211, "iv": 152.68, "instrument_name": "BTC-31DEC21-400000-C", "index_price": 43768.22, "direction": "buy", "amount": 0.2}, {"trade_seq": 1982, "trade_id": "180743768", "timestamp": 1632267252090, "tick_direction": 2, "price": 0.0015, "mark_price": 0.00169373, "iv": 152.39, "instrument_name": "BTC-31DEC21-400000-C", "index_price": 40317.24, "direction": "sell", "amount": 0.3}, {"trade_seq": 1981, "trade_id": "180694242", "timestamp": 1632259433783, "tick_direction": 0, "price": 0.002, "mark_price": 0.00149791, "iv": 156.0, "instrument_name": "BTC-31DEC21-400000-C", "index_price": 40830.15, "direction": "buy", "amount": 0.4}, {"trade_seq": 1980, "trade_id": "180333788", "timestamp": 1632168130044, "tick_direction": 0, "price": 0.0015, "mark_price": 0.00124714, "iv": 146.74, "instrument_name": "BTC-31DEC21-400000-C", "index_price": 43930.04, "direction": "buy", "amount": 1.5}, {"trade_seq": 1979, "trade_id": "180198972", "timestamp": 1632138038562, "tick_direction": 2, "price": 0.001, "mark_price": 0.0013843, "iv": 141.07, "instrument_name": "BTC-31DEC21-400000-C", "index_price": 43951.94, "direction": "sell", "amount": 0.2}, {"trade_seq": 1978, "trade_id": "180185573", "timestamp": 1632136651474, "tick_direction": 0, "price": 0.002, "mark_price": 0.00143579, "iv": 150.07, "instrument_name": "BTC-31DEC21-400000-C", "index_price": 44371.36, "direction": "buy", "amount": 0.1}, {"trade_seq": 1977, "trade_id": "180056987", "timestamp": 1632087049784, "tick_direction": 3, "price": 0.0015, "mark_price": 0.00172909, "iv": 141.65, "instrument_name": "BTC-31DEC21-400000-C", "index_price": 47440.58, "direction": "sell", "amount": 0.5}, {"trade_seq": 1976, "trade_id": "180047033", "timestamp": 1632075531286, "tick_direction": 3, "price": 0.0015, "mark_price": 0.00123222, "iv": 141.57, "instrument_name": "BTC-31DEC21-400000-C", "index_price": 47414.13, "direction": "buy", "amount": 0.1}, {"trade_seq": 1975, "trade_id": "180047032", "timestamp": 1632075531286, "tick_direction": 3, "price": 0.0015, "mark_price": 0.00123222, "iv": 141.57, "instrument_name": "BTC-31DEC21-400000-C", "index_price": 47414.13, "direction": "buy", "amount": 0.1}, {"trade_seq": 1974, "trade_id": "180047031", "timestamp": 1632075531286, "tick_direction": 2, "price": 0.0015, "mark_price": 0.00123222, "iv": 141.57, "instrument_name": "BTC-31DEC21-400000-C", "index_price": 47414.13, "direction": "buy", "amount": 0.1}, {"trade_seq": 1973, "trade_id": "180040285", "timestamp": 1632065817435, "tick_direction": 3, "price": 0.002, "mark_price": 0.00143652, "iv": 145.27, "instrument_name": "BTC-31DEC21-400000-C", "index_price": 47678.66, "direction": "buy", "amount": 0.1}, {"trade_seq": 1972, "trade_id": "180011358", "timestamp": 1632038766654, "tick_direction": 3, "price": 0.002, "mark_price": 0.00160179, "iv": 144.3, "instrument_name": "BTC-31DEC21-400000-C", "index_price": 48218.32, "direction": "buy", "amount": 1.1}, {"trade_seq": 1971, "trade_id": "179987867", "timestamp": 1632007056484, "tick_direction": 3, "price": 0.002, "mark_price": 0.00146644, "iv": 143.84, "instrument_name": "BTC-31DEC21-400000-C", "index_price": 48318.51, "direction": "buy", "amount": 2.5}, {"trade_seq": 1970, "trade_id": "179984956", "timestamp": 1632004357678, "tick_direction": 3, "price": 0.002, "mark_price": 0.00159722, "iv": 144.17, "instrument_name": "BTC-31DEC21-400000-C", "index_price": 48039.51, "direction": "buy", "amount": 0.8}, {"trade_seq": 1969, "trade_id": "179905095", "timestamp": 1631920576195, "tick_direction": 2, "price": 0.002, "mark_price": 0.00164115, "iv": 144.58, "instrument_name": "BTC-31DEC21-400000-C", "index_price": 47156.86, "direction": "buy", "amount": 0.9}, {"trade_seq": 1968, "trade_id": "179853024", "timestamp": 1631879223851, "tick_direction": 0, "price": 0.0025, "mark_price": 0.00167831, "iv": 147.3, "instrument_name": "BTC-31DEC21-400000-C", "index_price": 47356.77, "direction": "buy", "amount": 0.2}, {"trade_seq": 1967, "trade_id": "179848015", "timestamp": 1631875738207, "tick_direction": 3, "price": 0.0015, "mark_price": 0.00121634, "iv": 139.86, "instrument_name": "BTC-31DEC21-400000-C", "index_price": 47363.82, "direction": "buy", "amount": 2.6}, {"trade_seq": 1966, "trade_id": "179841638", "timestamp": 1631872065549, "tick_direction": 3, "price": 0.0015, "mark_price": 0.00178222, "iv": 139.27, "instrument_name": "BTC-31DEC21-400000-C", "index_price": 47837.79, "direction": "buy", "amount": 15.0}, {"trade_seq": 1965, "trade_id": "179841381", "timestamp": 1631871847720, "tick_direction": 3, "price": 0.0015, "mark_price": 0.00193717, "iv": 139.37, "instrument_name": "BTC-31DEC21-400000-C", "index_price": 47765.08, "direction": "buy", "amount": 1.1}, {"trade_seq": 1964, "trade_id": "179841328", "timestamp": 1631871844481, "tick_direction": 3, "price": 0.0015, "mark_price": 0.00194108, "iv": 139.37, "instrument_name": "BTC-31DEC21-400000-C", "index_price": 47765.16, "direction": "buy", "amount": 0.8}, {"trade_seq": 1963, "trade_id": "179841327", "timestamp": 1631871844478, "tick_direction": 2, "price": 0.0015, "mark_price": 0.00194108, "iv": 139.37, "instrument_name": "BTC-31DEC21-400000-C", "index_price": 47765.16, "direction": "sell", "amount": 0.5}, {"trade_seq": 1962, "trade_id": "179750848", "timestamp": 1631793246285, "tick_direction": 3, "price": 0.002, "mark_price": 0.00224079, "iv": 142.51, "instrument_name": "BTC-31DEC21-400000-C", "index_price": 47965.43, "direction": "sell", "amount": 0.2}, {"trade_seq": 1961, "trade_id": "179694953", "timestamp": 1631738160472, "tick_direction": 3, "price": 0.002, "mark_price": 0.00188894, "iv": 142.0, "instrument_name": "BTC-31DEC21-400000-C", "index_price": 48021.45, "direction": "buy", "amount": 2.6}, {"trade_seq": 1960, "trade_id": "179692978", "timestamp": 1631736130476, "tick_direction": 2, "price": 0.002, "mark_price": 0.00191636, "iv": 141.84, "instrument_name": "BTC-31DEC21-400000-C", "index_price": 48109.25, "direction": "buy", "amount": 2.3}, {"trade_seq": 1959, "trade_id": "179667664", "timestamp": 1631719665936, "tick_direction": 1, "price": 0.0025, "mark_price": 0.0019572, "iv": 145.09, "instrument_name": "BTC-31DEC21-400000-C", "index_price": 48071.8, "direction": "sell", "amount": 3.6}, {"trade_seq": 1958, "trade_id": "179667661", "timestamp": 1631719663113, "tick_direction": 1, "price": 0.0025, "mark_price": 0.0019559, "iv": 145.09, "instrument_name": "BTC-31DEC21-400000-C", "index_price": 48070.01, "direction": "buy", "amount": 2.5}, {"trade_seq": 1957, "trade_id": "179667660", "timestamp": 1631719663113, "tick_direction": 1, "price": 0.0025, "mark_price": 0.0019559, "iv": 145.09, "instrument_name": "BTC-31DEC21-400000-C", "index_price": 48070.01, "direction": "buy", "amount": 7.5}, {"trade_seq": 1956, "trade_id": "179667654", "timestamp": 1631719660150, "tick_direction": 1, "price": 0.0025, "mark_price": 0.00195539, "iv": 145.09, "instrument_name": "BTC-31DEC21-400000-C", "index_price": 48069.16, "direction": "buy", "amount": 7.5}, {"trade_seq": 1955, "trade_id": "179667653", "timestamp": 1631719660150, "tick_direction": 1, "price": 0.0025, "mark_price": 0.00195539, "iv": 145.09, "instrument_name": "BTC-31DEC21-400000-C", "index_price": 48069.16, "direction": "buy", "amount": 2.5}, {"trade_seq": 1954, "trade_id": "179663515", "timestamp": 1631718421895, "tick_direction": 0, "price": 0.0025, "mark_price": 0.00196174, "iv": 145.3, "instrument_name": "BTC-31DEC21-400000-C", "index_price": 47894.43, "direction": "buy", "amount": 0.8}, {"trade_seq": 1953, "trade_id": "179655653", "timestamp": 1631714670350, "tick_direction": 3, "price": 0.002, "mark_price": 0.00198827, "iv": 142.0, "instrument_name": "BTC-31DEC21-400000-C", "index_price": 47876.21, "direction": "buy", "amount": 0.1}, {"trade_seq": 1952, "trade_id": "179655163", "timestamp": 1631714454123, "tick_direction": 3, "price": 0.002, "mark_price": 0.00211632, "iv": 142.1, "instrument_name": "BTC-31DEC21-400000-C", "index_price": 47795.74, "direction": "buy", "amount": 0.9}, {"trade_seq": 1951, "trade_id": "179655162", "timestamp": 1631714454088, "tick_direction": 3, "price": 0.002, "mark_price": 0.00211632, "iv": 142.1, "instrument_name": "BTC-31DEC21-400000-C", "index_price": 47795.74, "direction": "buy", "amount": 0.1}, {"trade_seq": 1950, "trade_id": "179655159", "timestamp": 1631714449900, "tick_direction": 3, "price": 0.002, "mark_price": 0.00211854, "iv": 142.11, "instrument_name": "BTC-31DEC21-400000-C", "index_price": 47790.69, "direction": "buy", "amount": 0.9}, {"trade_seq": 1949, "trade_id": "179655158", "timestamp": 1631714446640, "tick_direction": 3, "price": 0.002, "mark_price": 0.00212115, "iv": 142.11, "instrument_name": "BTC-31DEC21-400000-C", "index_price": 47790.95, "direction": "buy", "amount": 0.1}, {"trade_seq": 1948, "trade_id": "179655157", "timestamp": 1631714446632, "tick_direction": 2, "price": 0.002, "mark_price": 0.00212115, "iv": 142.11, "instrument_name": "BTC-31DEC21-400000-C", "index_price": 47790.95, "direction": "buy", "amount": 1.5}, {"trade_seq": 1947, "trade_id": "179653384", "timestamp": 1631713599177, "tick_direction": 1, "price": 0.0025, "mark_price": 0.00197581, "iv": 145.38, "instrument_name": "BTC-31DEC21-400000-C", "index_price": 47793.6, "direction": "buy", "amount": 0.4}, {"trade_seq": 1946, "trade_id": "179653383", "timestamp": 1631713597661, "tick_direction": 1, "price": 0.0025, "mark_price": 0.00197574, "iv": 145.38, "instrument_name": "BTC-31DEC21-400000-C", "index_price": 47793.44, "direction": "buy", "amount": 2.0}, {"trade_seq": 1945, "trade_id": "179653381", "timestamp": 1631713597184, "tick_direction": 1, "price": 0.0025, "mark_price": 0.00197546, "iv": 145.38, "instrument_name": "BTC-31DEC21-400000-C", "index_price": 47793.44, "direction": "buy", "amount": 30.0}, {"trade_seq": 1944, "trade_id": "179653380", "timestamp": 1631713597184, "tick_direction": 0, "price": 0.0025, "mark_price": 0.00197546, "iv": 145.38, "instrument_name": "BTC-31DEC21-400000-C", "index_price": 47793.44, "direction": "buy", "amount": 4.7}, {"trade_seq": 1943, "trade_id": "179576292", "timestamp": 1631648336339, "tick_direction": 3, "price": 0.002, "mark_price": 0.00174208, "iv": 142.94, "instrument_name": "BTC-31DEC21-400000-C", "index_price": 46603.08, "direction": "buy", "amount": 0.6}, {"trade_seq": 1942, "trade_id": "179547251", "timestamp": 1631630430625, "tick_direction": 3, "price": 0.002, "mark_price": 0.00173862, "iv": 143.08, "instrument_name": "BTC-31DEC21-400000-C", "index_price": 46352.67, "direction": "buy", "amount": 0.1}, {"trade_seq": 1941, "trade_id": "179521237", "timestamp": 1631620510822, "tick_direction": 3, "price": 0.002, "mark_price": 0.00173282, "iv": 143.53, "instrument_name": "BTC-31DEC21-400000-C", "index_price": 45932.72, "direction": "buy", "amount": 0.2}, {"trade_seq": 1940, "trade_id": "179519683", "timestamp": 1631618180728, "tick_direction": 3, "price": 0.002, "mark_price": 0.00173809, "iv": 143.41, "instrument_name": "BTC-31DEC21-400000-C", "index_price": 46006.79, "direction": "buy", "amount": 0.1}, {"trade_seq": 1939, "trade_id": "179374374", "timestamp": 1631540670093, "tick_direction": 3, "price": 0.002, "mark_price": 0.00182421, "iv": 142.63, "instrument_name": "BTC-31DEC21-400000-C", "index_price": 46164.52, "direction": "buy", "amount": 0.4}, {"trade_seq": 1938, "trade_id": "179374373", "timestamp": 1631540670093, "tick_direction": 3, "price": 0.002, "mark_price": 0.00182421, "iv": 142.63, "instrument_name": "BTC-31DEC21-400000-C", "index_price": 46164.52, "direction": "buy", "amount": 0.2}, {"trade_seq": 1937, "trade_id": "179374118", "timestamp": 1631540650880, "tick_direction": 3, "price": 0.002, "mark_price": 0.00181884, "iv": 142.69, "instrument_name": "BTC-31DEC21-400000-C", "index_price": 46125.54, "direction": "buy", "amount": 0.1}, {"trade_seq": 1936, "trade_id": "179373963", "timestamp": 1631540638059, "tick_direction": 3, "price": 0.002, "mark_price": 0.00182017, "iv": 142.7, "instrument_name": "BTC-31DEC21-400000-C", "index_price": 46105.32, "direction": "buy", "amount": 0.1}, {"trade_seq": 1935, "trade_id": "179373795", "timestamp": 1631540623536, "tick_direction": 3, "price": 0.002, "mark_price": 0.00181506, "iv": 142.76, "instrument_name": "BTC-31DEC21-400000-C", "index_price": 46060.44, "direction": "buy", "amount": 0.1}, {"trade_seq": 1934, "trade_id": "179347525", "timestamp": 1631532677718, "tick_direction": 3, "price": 0.002, "mark_price": 0.00196322, "iv": 144.39, "instrument_name": "BTC-31DEC21-400000-C", "index_price": 44687.59, "direction": "buy", "amount": 0.1}, {"trade_seq": 1933, "trade_id": "179347523", "timestamp": 1631532671484, "tick_direction": 3, "price": 0.002, "mark_price": 0.00196349, "iv": 144.4, "instrument_name": "BTC-31DEC21-400000-C", "index_price": 44679.72, "direction": "buy", "amount": 0.1}, {"trade_seq": 1932, "trade_id": "179285963", "timestamp": 1631497055280, "tick_direction": 3, "price": 0.002, "mark_price": 0.00160457, "iv": 143.44, "instrument_name": "BTC-31DEC21-400000-C", "index_price": 45226.01, "direction": "buy", "amount": 0.1}, {"trade_seq": 1931, "trade_id": "179246435", "timestamp": 1631472368552, "tick_direction": 2, "price": 0.002, "mark_price": 0.00162157, "iv": 142.47, "instrument_name": "BTC-31DEC21-400000-C", "index_price": 45853.41, "direction": "buy", "amount": 0.8}, {"trade_seq": 1930, "trade_id": "179192576", "timestamp": 1631408661275, "tick_direction": 1, "price": 0.0025, "mark_price": 0.00195629, "iv": 146.34, "instrument_name": "BTC-31DEC21-400000-C", "index_price": 44979.63, "direction": "buy", "amount": 0.4}, {"trade_seq": 1929, "trade_id": "179192575", "timestamp": 1631408661275, "tick_direction": 0, "price": 0.0025, "mark_price": 0.00195629, "iv": 146.34, "instrument_name": "BTC-31DEC21-400000-C", "index_price": 44979.63, "direction": "buy", "amount": 0.6}, {"trade_seq": 1928, "trade_id": "179177804", "timestamp": 1631394192896, "tick_direction": 1, "price": 0.002, "mark_price": 0.0017372, "iv": 142.53, "instrument_name": "BTC-31DEC21-400000-C", "index_price": 45345.43, "direction": "buy", "amount": 0.2}, {"trade_seq": 1927, "trade_id": "179136221", "timestamp": 1631353898866, "tick_direction": 1, "price": 0.002, "mark_price": 0.00174739, "iv": 142.23, "instrument_name": "BTC-31DEC21-400000-C", "index_price": 45312.97, "direction": "buy", "amount": 0.1}, {"trade_seq": 1926, "trade_id": "179136220", "timestamp": 1631353898866, "tick_direction": 0, "price": 0.002, "mark_price": 0.00174739, "iv": 142.23, "instrument_name": "BTC-31DEC21-400000-C", "index_price": 45312.97, "direction": "buy", "amount": 0.2}, {"trade_seq": 1925, "trade_id": "179115176", "timestamp": 1631334207431, "tick_direction": 3, "price": 0.0015, "mark_price": 0.00172918, "iv": 138.32, "instrument_name": "BTC-31DEC21-400000-C", "index_price": 45192.43, "direction": "sell", "amount": 19.8}, {"trade_seq": 1924, "trade_id": "179115175", "timestamp": 1631334207431, "tick_direction": 3, "price": 0.0015, "mark_price": 0.00172918, "iv": 138.32, "instrument_name": "BTC-31DEC21-400000-C", "index_price": 45192.43, "direction": "sell", "amount": 2.3}, {"trade_seq": 1923, "trade_id": "179113500", "timestamp": 1631332014843, "tick_direction": 2, "price": 0.0015, "mark_price": 0.00174042, "iv": 138.49, "instrument_name": "BTC-31DEC21-400000-C", "index_price": 45021.41, "direction": "sell", "amount": 0.3}, {"trade_seq": 1922, "trade_id": "179004003", "timestamp": 1631275975702, "tick_direction": 1, "price": 0.0025, "mark_price": 0.00198101, "iv": 143.52, "instrument_name": "BTC-31DEC21-400000-C", "index_price": 46469.47, "direction": "buy", "amount": 0.4}, {"trade_seq": 1921, "trade_id": "179004002", "timestamp": 1631275975702, "tick_direction": 0, "price": 0.0025, "mark_price": 0.00198101, "iv": 143.52, "instrument_name": "BTC-31DEC21-400000-C", "index_price": 46469.47, "direction": "buy", "amount": 0.6}, {"trade_seq": 1920, "trade_id": "178984044", "timestamp": 1631263335898, "tick_direction": 2, "price": 0.0015, "mark_price": 0.00193083, "iv": 137.05, "instrument_name": "BTC-31DEC21-400000-C", "index_price": 45835.84, "direction": "sell", "amount": 0.1}, {"trade_seq": 1919, "trade_id": "178959132", "timestamp": 1631256683885, "tick_direction": 2, "price": 0.002, "mark_price": 0.0022345, "iv": 140.19, "instrument_name": "BTC-31DEC21-400000-C", "index_price": 46462.95, "direction": "sell", "amount": 0.8}, {"trade_seq": 1918, "trade_id": "178945155", "timestamp": 1631244488653, "tick_direction": 1, "price": 0.0025, "mark_price": 0.00196014, "iv": 143.14, "instrument_name": "BTC-31DEC21-400000-C", "index_price": 46602.34, "direction": "buy", "amount": 0.1}, {"trade_seq": 1917, "trade_id": "178915108", "timestamp": 1631216521473, "tick_direction": 0, "price": 0.0025, "mark_price": 0.0019624, "iv": 142.82, "instrument_name": "BTC-31DEC21-400000-C", "index_price": 46689.92, "direction": "buy", "amount": 0.3}, {"trade_seq": 1916, "trade_id": "178911530", "timestamp": 1631213832721, "tick_direction": 1, "price": 0.002, "mark_price": 0.00172927, "iv": 139.68, "instrument_name": "BTC-31DEC21-400000-C", "index_price": 46595.56, "direction": "buy", "amount": 0.1}, {"trade_seq": 1915, "trade_id": "178900954", "timestamp": 1631207592092, "tick_direction": 1, "price": 0.002, "mark_price": 0.00173742, "iv": 138.95, "instrument_name": "BTC-31DEC21-400000-C", "index_price": 47188.62, "direction": "buy", "amount": 0.1}, {"trade_seq": 1914, "trade_id": "178896726", "timestamp": 1631205615401, "tick_direction": 1, "price": 0.002, "mark_price": 0.00174638, "iv": 139.01, "instrument_name": "BTC-31DEC21-400000-C", "index_price": 47145.32, "direction": "buy", "amount": 0.1}, {"trade_seq": 1913, "trade_id": "178896400", "timestamp": 1631205378280, "tick_direction": 0, "price": 0.002, "mark_price": 0.00175293, "iv": 139.0, "instrument_name": "BTC-31DEC21-400000-C", "index_price": 47152.5, "direction": "buy", "amount": 0.1}, {"trade_seq": 1912, "trade_id": "178819249", "timestamp": 1631164941662, "tick_direction": 3, "price": 0.0015, "mark_price": 0.00196099, "iv": 135.83, "instrument_name": "BTC-31DEC21-400000-C", "index_price": 46248.5, "direction": "sell", "amount": 0.5}, {"trade_seq": 1911, "trade_id": "178819248", "timestamp": 1631164941662, "tick_direction": 2, "price": 0.0015, "mark_price": 0.00196099, "iv": 135.83, "instrument_name": "BTC-31DEC21-400000-C", "index_price": 46248.5, "direction": "sell", "amount": 0.5}, {"trade_seq": 1910, "trade_id": "178765548", "timestamp": 1631131647194, "tick_direction": 1, "price": 0.002, "mark_price": 0.00221293, "iv": 139.68, "instrument_name": "BTC-31DEC21-400000-C", "index_price": 46131.9, "direction": "sell", "amount": 0.4}, {"trade_seq": 1909, "trade_id": "178723545", "timestamp": 1631111679299, "tick_direction": 1, "price": 0.002, "mark_price": 0.00224708, "iv": 139.3, "instrument_name": "BTC-31DEC21-400000-C", "index_price": 46313.0, "direction": "sell", "amount": 0.1}, {"trade_seq": 1908, "trade_id": "178723544", "timestamp": 1631111679299, "tick_direction": 0, "price": 0.002, "mark_price": 0.00224708, "iv": 139.3, "instrument_name": "BTC-31DEC21-400000-C", "index_price": 46313.0, "direction": "sell", "amount": 0.9}, {"trade_seq": 1907, "trade_id": "178591912", "timestamp": 1631077765514, "tick_direction": 2, "price": 0.0015, "mark_price": 0.00214175, "iv": 134.84, "instrument_name": "BTC-31DEC21-400000-C", "index_price": 46445.67, "direction": "sell", "amount": 0.2}, {"trade_seq": 1906, "trade_id": "178471760", "timestamp": 1631035514767, "tick_direction": 1, "price": 0.0025, "mark_price": 0.00266449, "iv": 141.0, "instrument_name": "BTC-31DEC21-400000-C", "index_price": 46994.26, "direction": "sell", "amount": 0.1}, {"trade_seq": 1905, "trade_id": "178441303", "timestamp": 1631031513571, "tick_direction": 0, "price": 0.0025, "mark_price": 0.00228276, "iv": 140.81, "instrument_name": "BTC-31DEC21-400000-C", "index_price": 47213.05, "direction": "buy", "amount": 0.7}, {"trade_seq": 1904, "trade_id": "178310891", "timestamp": 1631027091336, "tick_direction": 2, "price": 0.0015, "mark_price": 0.0020678, "iv": 132.92, "instrument_name": "BTC-31DEC21-400000-C", "index_price": 47921.59, "direction": "sell", "amount": 1.5}, {"trade_seq": 1903, "trade_id": "178092060", "timestamp": 1630959350244, "tick_direction": 3, "price": 0.0025, "mark_price": 0.00261674, "iv": 135.0, "instrument_name": "BTC-31DEC21-400000-C", "index_price": 51688.47, "direction": "buy", "amount": 2.0}, {"trade_seq": 1902, "trade_id": "178092058", "timestamp": 1630959343011, "tick_direction": 3, "price": 0.0025, "mark_price": 0.0026187, "iv": 135.0, "instrument_name": "BTC-31DEC21-400000-C", "index_price": 51689.65, "direction": "buy", "amount": 2.0}, {"trade_seq": 1901, "trade_id": "178092056", "timestamp": 1630959338314, "tick_direction": 3, "price": 0.0025, "mark_price": 0.00262033, "iv": 135.0, "instrument_name": "BTC-31DEC21-400000-C", "index_price": 51690.43, "direction": "buy", "amount": 2.0}, {"trade_seq": 1900, "trade_id": "178091993", "timestamp": 1630959206165, "tick_direction": 3, "price": 0.0025, "mark_price": 0.0026609, "iv": 135.03, "instrument_name": "BTC-31DEC21-400000-C", "index_price": 51675.73, "direction": "buy", "amount": 1.0}, {"trade_seq": 1899, "trade_id": "177994860", "timestamp": 1630882929630, "tick_direction": 3, "price": 0.0025, "mark_price": 0.00274469, "iv": 134.44, "instrument_name": "BTC-31DEC21-400000-C", "index_price": 51825.74, "direction": "buy", "amount": 3.7}, {"trade_seq": 1898, "trade_id": "177994859", "timestamp": 1630882929623, "tick_direction": 3, "price": 0.0025, "mark_price": 0.00274469, "iv": 134.44, "instrument_name": "BTC-31DEC21-400000-C", "index_price": 51825.74, "direction": "sell", "amount": 0.1}, {"trade_seq": 1897, "trade_id": "177994858", "timestamp": 1630882929623, "tick_direction": 2, "price": 0.0025, "mark_price": 0.00274469, "iv": 134.44, "instrument_name": "BTC-31DEC21-400000-C", "index_price": 51825.74, "direction": "sell", "amount": 1.0}, {"trade_seq": 1896, "trade_id": "177987520", "timestamp": 1630879099814, "tick_direction": 1, "price": 0.003, "mark_price": 0.00275322, "iv": 137.23, "instrument_name": "BTC-31DEC21-400000-C", "index_price": 51732.16, "direction": "buy", "amount": 0.2}, {"trade_seq": 1895, "trade_id": "177716741", "timestamp": 1630672328899, "tick_direction": 1, "price": 0.003, "mark_price": 0.00264592, "iv": 137.06, "instrument_name": "BTC-31DEC21-400000-C", "index_price": 50696.82, "direction": "buy", "amount": 0.5}, {"trade_seq": 1894, "trade_id": "177716740", "timestamp": 1630672328899, "tick_direction": 0, "price": 0.003, "mark_price": 0.00264592, "iv": 137.06, "instrument_name": "BTC-31DEC21-400000-C", "index_price": 50696.82, "direction": "buy", "amount": 0.1}, {"trade_seq": 1893, "trade_id": "177427602", "timestamp": 1630526186522, "tick_direction": 0, "price": 0.0025, "mark_price": 0.00214779, "iv": 136.24, "instrument_name": "BTC-31DEC21-400000-C", "index_price": 48185.58, "direction": "buy", "amount": 0.2}, {"trade_seq": 1892, "trade_id": "177376857", "timestamp": 1630513701864, "tick_direction": 0, "price": 0.002, "mark_price": 0.0017296, "iv": 133.94, "instrument_name": "BTC-31DEC21-400000-C", "index_price": 47482.62, "direction": "buy", "amount": 1.0}, {"trade_seq": 1891, "trade_id": "177365618", "timestamp": 1630505300178, "tick_direction": 3, "price": 0.0015, "mark_price": 0.00173799, "iv": 130.14, "instrument_name": "BTC-31DEC21-400000-C", "index_price": 47440.21, "direction": "sell", "amount": 24.3}, {"trade_seq": 1890, "trade_id": "177365617", "timestamp": 1630505300178, "tick_direction": 3, "price": 0.0015, "mark_price": 0.00173799, "iv": 130.14, "instrument_name": "BTC-31DEC21-400000-C", "index_price": 47440.21, "direction": "sell", "amount": 20.0}, {"trade_seq": 1889, "trade_id": "177365616", "timestamp": 1630505300178, "tick_direction": 3, "price": 0.0015, "mark_price": 0.00173799, "iv": 130.14, "instrument_name": "BTC-31DEC21-400000-C", "index_price": 47440.21, "direction": "sell", "amount": 0.1}, {"trade_seq": 1888, "trade_id": "177365615", "timestamp": 1630505300178, "tick_direction": 2, "price": 0.0015, "mark_price": 0.00173799, "iv": 130.14, "instrument_name": "BTC-31DEC21-400000-C", "index_price": 47440.21, "direction": "sell", "amount": 0.2}, {"trade_seq": 1887, "trade_id": "177348283", "timestamp": 1630494040591, "tick_direction": 3, "price": 0.002, "mark_price": 0.00245527, "iv": 133.65, "instrument_name": "BTC-31DEC21-400000-C", "index_price": 47559.47, "direction": "buy", "amount": 0.9}, {"trade_seq": 1886, "trade_id": "177348274", "timestamp": 1630494035456, "tick_direction": 3, "price": 0.002, "mark_price": 0.00246105, "iv": 133.65, "instrument_name": "BTC-31DEC21-400000-C", "index_price": 47564.04, "direction": "buy", "amount": 1.0}, {"trade_seq": 1885, "trade_id": "177348273", "timestamp": 1630494035451, "tick_direction": 3, "price": 0.002, "mark_price": 0.00246105, "iv": 133.65, "instrument_name": "BTC-31DEC21-400000-C", "index_price": 47564.04, "direction": "buy", "amount": 1.9}, {"trade_seq": 1884, "trade_id": "177348272", "timestamp": 1630494035451, "tick_direction": 3, "price": 0.002, "mark_price": 0.00246105, "iv": 133.65, "instrument_name": "BTC-31DEC21-400000-C", "index_price": 47564.04, "direction": "buy", "amount": 1.0}, {"trade_seq": 1883, "trade_id": "177348271", "timestamp": 1630494035448, "tick_direction": 3, "price": 0.002, "mark_price": 0.00246105, "iv": 133.65, "instrument_name": "BTC-31DEC21-400000-C", "index_price": 47564.04, "direction": "sell", "amount": 29.4}, {"trade_seq": 1882, "trade_id": "177348270", "timestamp": 1630494035448, "tick_direction": 3, "price": 0.002, "mark_price": 0.00246105, "iv": 133.65, "instrument_name": "BTC-31DEC21-400000-C", "index_price": 47564.04, "direction": "sell", "amount": 3.1}, {"trade_seq": 1881, "trade_id": "177348269", "timestamp": 1630494035448, "tick_direction": 3, "price": 0.002, "mark_price": 0.00246105, "iv": 133.65, "instrument_name": "BTC-31DEC21-400000-C", "index_price": 47564.04, "direction": "sell", "amount": 0.1}, {"trade_seq": 1880, "trade_id": "176999730", "timestamp": 1630270271339, "tick_direction": 3, "price": 0.002, "mark_price": 0.00293427, "iv": 130.88, "instrument_name": "BTC-31DEC21-400000-C", "index_price": 48876.93, "direction": "sell", "amount": 2.0}, {"trade_seq": 1879, "trade_id": "176999729", "timestamp": 1630270271339, "tick_direction": 2, "price": 0.002, "mark_price": 0.00293427, "iv": 130.88, "instrument_name": "BTC-31DEC21-400000-C", "index_price": 48876.93, "direction": "sell", "amount": 1.0}, {"trade_seq": 1878, "trade_id": "176999706", "timestamp": 1630270219130, "tick_direction": 2, "price": 0.0025, "mark_price": 0.00296971, "iv": 133.91, "instrument_name": "BTC-31DEC21-400000-C", "index_price": 48887.96, "direction": "sell", "amount": 1.0}, {"trade_seq": 1877, "trade_id": "176829620", "timestamp": 1630112040399, "tick_direction": 1, "price": 0.003, "mark_price": 0.00297998, "iv": 135.06, "instrument_name": "BTC-31DEC21-400000-C", "index_price": 49274.75, "direction": "buy", "amount": 0.1}, {"trade_seq": 1876, "trade_id": "176769682", "timestamp": 1630074638622, "tick_direction": 0, "price": 0.003, "mark_price": 0.00279336, "iv": 136.08, "instrument_name": "BTC-31DEC21-400000-C", "index_price": 48149.09, "direction": "buy", "amount": 0.1}, {"trade_seq": 1875, "trade_id": "176724691", "timestamp": 1630052234822, "tick_direction": 3, "price": 0.002, "mark_price": 0.00286166, "iv": 131.19, "instrument_name": "BTC-31DEC21-400000-C", "index_price": 47355.22, "direction": "sell", "amount": 0.9}, {"trade_seq": 1874, "trade_id": "176724690", "timestamp": 1630052234822, "tick_direction": 2, "price": 0.002, "mark_price": 0.00286166, "iv": 131.19, "instrument_name": "BTC-31DEC21-400000-C", "index_price": 47355.22, "direction": "sell", "amount": 0.2}, {"trade_seq": 1873, "trade_id": "176484735", "timestamp": 1629942663627, "tick_direction": 1, "price": 0.003, "mark_price": 0.00322984, "iv": 134.5, "instrument_name": "BTC-31DEC21-400000-C", "index_price": 48859.84, "direction": "sell", "amount": 0.4}, {"trade_seq": 1872, "trade_id": "176442468", "timestamp": 1629910456652, "tick_direction": 0, "price": 0.003, "mark_price": 0.00274859, "iv": 134.43, "instrument_name": "BTC-31DEC21-400000-C", "index_price": 48746.55, "direction": "buy", "amount": 0.1}, {"trade_seq": 1871, "trade_id": "176385555", "timestamp": 1629884077466, "tick_direction": 2, "price": 0.0025, "mark_price": 0.00271538, "iv": 133.37, "instrument_name": "BTC-31DEC21-400000-C", "index_price": 47248.63, "direction": "sell", "amount": 2.1}, {"trade_seq": 1870, "trade_id": "176222127", "timestamp": 1629798072227, "tick_direction": 3, "price": 0.0035, "mark_price": 0.00328665, "iv": 134.83, "instrument_name": "BTC-31DEC21-400000-C", "index_price": 49702.02, "direction": "buy", "amount": 0.5}, {"trade_seq": 1869, "trade_id": "176084198", "timestamp": 1629697342223, "tick_direction": 3, "price": 0.0035, "mark_price": 0.00419136, "iv": 133.53, "instrument_name": "BTC-31DEC21-400000-C", "index_price": 50295.09, "direction": "buy", "amount": 0.3}, {"trade_seq": 1868, "trade_id": "176084197", "timestamp": 1629697342221, "tick_direction": 2, "price": 0.0035, "mark_price": 0.00419136, "iv": 133.53, "instrument_name": "BTC-31DEC21-400000-C", "index_price": 50295.09, "direction": "sell", "amount": 0.7}, {"trade_seq": 1867, "trade_id": "176045580", "timestamp": 1629678975796, "tick_direction": 2, "price": 0.004, "mark_price": 0.0044391, "iv": 136.74, "instrument_name": "BTC-31DEC21-400000-C", "index_price": 49171.68, "direction": "sell", "amount": 0.7}, {"trade_seq": 1866, "trade_id": "176003768", "timestamp": 1629646654975, "tick_direction": 1, "price": 0.0045, "mark_price": 0.00426497, "iv": 139.24, "instrument_name": "BTC-31DEC21-400000-C", "index_price": 48538.96, "direction": "buy", "amount": 0.1}, {"trade_seq": 1865, "trade_id": "176003766", "timestamp": 1629646652992, "tick_direction": 1, "price": 0.0045, "mark_price": 0.00426423, "iv": 139.24, "instrument_name": "BTC-31DEC21-400000-C", "index_price": 48540.62, "direction": "buy", "amount": 0.1}, {"trade_seq": 1864, "trade_id": "176003761", "timestamp": 1629646650900, "tick_direction": 0, "price": 0.0045, "mark_price": 0.00426341, "iv": 139.24, "instrument_name": "BTC-31DEC21-400000-C", "index_price": 48538.63, "direction": "buy", "amount": 0.1}, {"trade_seq": 1863, "trade_id": "175852133", "timestamp": 1629543123377, "tick_direction": 1, "price": 0.004, "mark_price": 0.00453931, "iv": 135.89, "instrument_name": "BTC-31DEC21-400000-C", "index_price": 49234.39, "direction": "buy", "amount": 1.5}, {"trade_seq": 1862, "trade_id": "175852132", "timestamp": 1629543120615, "tick_direction": 1, "price": 0.004, "mark_price": 0.00454496, "iv": 135.89, "instrument_name": "BTC-31DEC21-400000-C", "index_price": 49235.98, "direction": "buy", "amount": 1.3}, {"trade_seq": 1861, "trade_id": "175852131", "timestamp": 1629543120612, "tick_direction": 1, "price": 0.004, "mark_price": 0.00454496, "iv": 135.89, "instrument_name": "BTC-31DEC21-400000-C", "index_price": 49235.98, "direction": "sell", "amount": 0.2}, {"trade_seq": 1860, "trade_id": "175521587", "timestamp": 1629362672901, "tick_direction": 0, "price": 0.004, "mark_price": 0.00362421, "iv": 139.91, "instrument_name": "BTC-31DEC21-400000-C", "index_price": 44759.65, "direction": "buy", "amount": 1.0}, {"trade_seq": 1859, "trade_id": "175477125", "timestamp": 1629340208771, "tick_direction": 2, "price": 0.0035, "mark_price": 0.0037943, "iv": 137.87, "instrument_name": "BTC-31DEC21-400000-C", "index_price": 44666.24, "direction": "sell", "amount": 0.5}, {"trade_seq": 1858, "trade_id": "175404963", "timestamp": 1629298196710, "tick_direction": 3, "price": 0.004, "mark_price": 0.00422822, "iv": 138.93, "instrument_name": "BTC-31DEC21-400000-C", "index_price": 45255.17, "direction": "sell", "amount": 0.1}, {"trade_seq": 1857, "trade_id": "175310682", "timestamp": 1629240636085, "tick_direction": 2, "price": 0.004, "mark_price": 0.00427405, "iv": 139.01, "instrument_name": "BTC-31DEC21-400000-C", "index_price": 44875.64, "direction": "sell", "amount": 0.1}, {"trade_seq": 1856, "trade_id": "175082272", "timestamp": 1629121390150, "tick_direction": 3, "price": 0.0045, "mark_price": 0.00492183, "iv": 138.05, "instrument_name": "BTC-31DEC21-400000-C", "index_price": 46692.28, "direction": "sell", "amount": 13.1}, {"trade_seq": 1855, "trade_id": "175082271", "timestamp": 1629121390150, "tick_direction": 2, "price": 0.0045, "mark_price": 0.00492183, "iv": 138.05, "instrument_name": "BTC-31DEC21-400000-C", "index_price": 46692.28, "direction": "sell", "amount": 1.0}, {"trade_seq": 1854, "trade_id": "174813047", "timestamp": 1628948905836, "tick_direction": 3, "price": 0.005, "mark_price": 0.00567649, "iv": 139.03, "instrument_name": "BTC-31DEC21-400000-C", "index_price": 46405.44, "direction": "sell", "amount": 1.5}, {"trade_seq": 1853, "trade_id": "174809014", "timestamp": 1628946054907, "tick_direction": 2, "price": 0.005, "mark_price": 0.00550737, "iv": 139.06, "instrument_name": "BTC-31DEC21-400000-C", "index_price": 46398.11, "direction": "sell", "amount": 0.5}, {"trade_seq": 1852, "trade_id": "174759825", "timestamp": 1628934952968, "tick_direction": 3, "price": 0.0055, "mark_price": 0.00618051, "iv": 139.16, "instrument_name": "BTC-31DEC21-400000-C", "index_price": 47564.54, "direction": "sell", "amount": 3.7}, {"trade_seq": 1851, "trade_id": "174759824", "timestamp": 1628934952968, "tick_direction": 2, "price": 0.0055, "mark_price": 0.00618051, "iv": 139.16, "instrument_name": "BTC-31DEC21-400000-C", "index_price": 47564.54, "direction": "sell", "amount": 0.2}, {"trade_seq": 1850, "trade_id": "174748401", "timestamp": 1628932152301, "tick_direction": 0, "price": 0.006, "mark_price": 0.00576171, "iv": 140.4, "instrument_name": "BTC-31DEC21-400000-C", "index_price": 47698.4, "direction": "buy", "amount": 0.1}, {"trade_seq": 1849, "trade_id": "174619182", "timestamp": 1628847409916, "tick_direction": 2, "price": 0.005, "mark_price": 0.00538132, "iv": 138.42, "instrument_name": "BTC-31DEC21-400000-C", "index_price": 46300.95, "direction": "sell", "amount": 0.1}, {"trade_seq": 1848, "trade_id": "174509948", "timestamp": 1628787215348, "tick_direction": 0, "price": 0.0055, "mark_price": 0.00473214, "iv": 142.3, "instrument_name": "BTC-31DEC21-400000-C", "index_price": 44095.85, "direction": "buy", "amount": 0.1}, {"trade_seq": 1847, "trade_id": "174265701", "timestamp": 1628673850550, "tick_direction": 2, "price": 0.005, "mark_price": 0.00579413, "iv": 137.72, "instrument_name": "BTC-31DEC21-400000-C", "index_price": 46137.51, "direction": "sell", "amount": 0.1}, {"trade_seq": 1846, "trade_id": "174159978", "timestamp": 1628612153180, "tick_direction": 2, "price": 0.0065, "mark_price": 0.00630215, "iv": 143.17, "instrument_name": "BTC-31DEC21-400000-C", "index_price": 45024.01, "direction": "sell", "amount": 2.5}, {"trade_seq": 1845, "trade_id": "173962987", "timestamp": 1628536219166, "tick_direction": 0, "price": 0.007, "mark_price": 0.00653964, "iv": 142.5, "instrument_name": "BTC-31DEC21-400000-C", "index_price": 46284.52, "direction": "buy", "amount": 0.5}, {"trade_seq": 1844, "trade_id": "173957498", "timestamp": 1628534477083, "tick_direction": 3, "price": 0.0065, "mark_price": 0.00661862, "iv": 141.15, "instrument_name": "BTC-31DEC21-400000-C", "index_price": 46303.28, "direction": "buy", "amount": 0.5}, {"trade_seq": 1843, "trade_id": "173949405", "timestamp": 1628531359326, "tick_direction": 2, "price": 0.0065, "mark_price": 0.00638512, "iv": 141.71, "instrument_name": "BTC-31DEC21-400000-C", "index_price": 45888.31, "direction": "buy", "amount": 0.1}, {"trade_seq": 1842, "trade_id": "173948344", "timestamp": 1628530598770, "tick_direction": 0, "price": 0.007, "mark_price": 0.00697114, "iv": 143.08, "instrument_name": "BTC-31DEC21-400000-C", "index_price": 45813.32, "direction": "buy", "amount": 0.9}, {"trade_seq": 1841, "trade_id": "173947627", "timestamp": 1628529700268, "tick_direction": 3, "price": 0.0065, "mark_price": 0.00699527, "iv": 141.72, "instrument_name": "BTC-31DEC21-400000-C", "index_price": 45878.78, "direction": "buy", "amount": 16.3}, {"trade_seq": 1840, "trade_id": "173947626", "timestamp": 1628529700264, "tick_direction": 2, "price": 0.0065, "mark_price": 0.00699527, "iv": 141.72, "instrument_name": "BTC-31DEC21-400000-C", "index_price": 45878.78, "direction": "buy", "amount": 3.7}, {"trade_seq": 1839, "trade_id": "173945947", "timestamp": 1628528303483, "tick_direction": 2, "price": 0.0075, "mark_price": 0.00529889, "iv": 144.2, "instrument_name": "BTC-31DEC21-400000-C", "index_price": 45904.07, "direction": "buy", "amount": 15.0}, {"trade_seq": 1838, "trade_id": "173945941", "timestamp": 1628528274375, "tick_direction": 1, "price": 0.0085, "mark_price": 0.00525114, "iv": 146.55, "instrument_name": "BTC-31DEC21-400000-C", "index_price": 45900.31, "direction": "sell", "amount": 3.2}, {"trade_seq": 1837, "trade_id": "173945940", "timestamp": 1628528274375, "tick_direction": 1, "price": 0.0085, "mark_price": 0.00525114, "iv": 146.55, "instrument_name": "BTC-31DEC21-400000-C", "index_price": 45900.31, "direction": "sell", "amount": 9.9}, {"trade_seq": 1836, "trade_id": "173945939", "timestamp": 1628528274372, "tick_direction": 0, "price": 0.0085, "mark_price": 0.00525114, "iv": 146.55, "instrument_name": "BTC-31DEC21-400000-C", "index_price": 45900.31, "direction": "buy", "amount": 18.1}, {"trade_seq": 1835, "trade_id": "173945938", "timestamp": 1628528274372, "tick_direction": 2, "price": 0.008, "mark_price": 0.00525114, "iv": 145.4, "instrument_name": "BTC-31DEC21-400000-C", "index_price": 45900.31, "direction": "buy", "amount": 0.8}, {"trade_seq": 1834, "trade_id": "173945924", "timestamp": 1628528262084, "tick_direction": 0, "price": 0.0085, "mark_price": 0.00523182, "iv": 146.55, "instrument_name": "BTC-31DEC21-400000-C", "index_price": 45897.37, "direction": "buy", "amount": 2.9}, {"trade_seq": 1833, "trade_id": "173945923", "timestamp": 1628528262084, "tick_direction": 0, "price": 0.008, "mark_price": 0.00523182, "iv": 145.4, "instrument_name": "BTC-31DEC21-400000-C", "index_price": 45897.37, "direction": "buy", "amount": 1.0}, {"trade_seq": 1832, "trade_id": "173945922", "timestamp": 1628528262084, "tick_direction": 1, "price": 0.0075, "mark_price": 0.00523182, "iv": 144.21, "instrument_name": "BTC-31DEC21-400000-C", "index_price": 45897.37, "direction": "buy", "amount": 1.0}, {"trade_seq": 1831, "trade_id": "173945921", "timestamp": 1628528262084, "tick_direction": 0, "price": 0.0075, "mark_price": 0.00523182, "iv": 144.21, "instrument_name": "BTC-31DEC21-400000-C", "index_price": 45897.37, "direction": "buy", "amount": 0.5}, {"trade_seq": 1830, "trade_id": "173945920", "timestamp": 1628528262084, "tick_direction": 1, "price": 0.0065, "mark_price": 0.00523182, "iv": 141.64, "instrument_name": "BTC-31DEC21-400000-C", "index_price": 45897.37, "direction": "buy", "amount": 0.6}, {"trade_seq": 1829, "trade_id": "173945919", "timestamp": 1628528262084, "tick_direction": 0, "price": 0.0065, "mark_price": 0.00523182, "iv": 141.64, "instrument_name": "BTC-31DEC21-400000-C", "index_price": 45897.37, "direction": "buy", "amount": 15.0}, {"trade_seq": 1828, "trade_id": "173945867", "timestamp": 1628528211894, "tick_direction": 1, "price": 0.006, "mark_price": 0.00520717, "iv": 140.25, "instrument_name": "BTC-31DEC21-400000-C", "index_price": 45887.07, "direction": "buy", "amount": 15.0}, {"trade_seq": 1827, "trade_id": "173945866", "timestamp": 1628528211894, "tick_direction": 0, "price": 0.006, "mark_price": 0.00520717, "iv": 140.25, "instrument_name": "BTC-31DEC21-400000-C", "index_price": 45887.07, "direction": "buy", "amount": 0.5}, {"trade_seq": 1826, "trade_id": "173937176", "timestamp": 1628523761018, "tick_direction": 1, "price": 0.005, "mark_price": 0.00474427, "iv": 137.13, "instrument_name": "BTC-31DEC21-400000-C", "index_price": 45944.27, "direction": "buy", "amount": 1.0}, {"trade_seq": 1825, "trade_id": "173937175", "timestamp": 1628523761018, "tick_direction": 1, "price": 0.005, "mark_price": 0.00474427, "iv": 137.13, "instrument_name": "BTC-31DEC21-400000-C", "index_price": 45944.27, "direction": "buy", "amount": 0.5}, {"trade_seq": 1824, "trade_id": "173937174", "timestamp": 1628523761018, "tick_direction": 0, "price": 0.005, "mark_price": 0.00474427, "iv": 137.13, "instrument_name": "BTC-31DEC21-400000-C", "index_price": 45944.27, "direction": "buy", "amount": 0.5}, {"trade_seq": 1823, "trade_id": "173878925", "timestamp": 1628505492051, "tick_direction": 0, "price": 0.004, "mark_price": 0.0037876, "iv": 134.35, "instrument_name": "BTC-31DEC21-400000-C", "index_price": 45268.95, "direction": "buy", "amount": 0.9}, {"trade_seq": 1822, "trade_id": "173698366", "timestamp": 1628421990305, "tick_direction": 2, "price": 0.0035, "mark_price": 0.00394597, "iv": 132.8, "instrument_name": "BTC-31DEC21-400000-C", "index_price": 44478.33, "direction": "sell", "amount": 9.0}, {"trade_seq": 1821, "trade_id": "173691907", "timestamp": 1628418288201, "tick_direction": 2, "price": 0.0045, "mark_price": 0.00386976, "iv": 136.68, "instrument_name": "BTC-31DEC21-400000-C", "index_price": 44400.24, "direction": "buy", "amount": 0.1}, {"trade_seq": 1820, "trade_id": "173634966", "timestamp": 1628394737527, "tick_direction": 0, "price": 0.005, "mark_price": 0.00449277, "iv": 138.22, "instrument_name": "BTC-31DEC21-400000-C", "index_price": 44364.41, "direction": "buy", "amount": 0.1}, {"trade_seq": 1819, "trade_id": "173458728", "timestamp": 1628310427932, "tick_direction": 1, "price": 0.004, "mark_price": 0.0040066, "iv": 134.93, "instrument_name": "BTC-31DEC21-400000-C", "index_price": 43680.58, "direction": "sell", "amount": 0.1}, {"trade_seq": 1818, "trade_id": "173073747", "timestamp": 1628177207705, "tick_direction": 0, "price": 0.004, "mark_price": 0.00349233, "iv": 139.5, "instrument_name": "BTC-31DEC21-400000-C", "index_price": 39254.47, "direction": "buy", "amount": 0.1}, {"trade_seq": 1817, "trade_id": "173046322", "timestamp": 1628172340047, "tick_direction": 3, "price": 0.0035, "mark_price": 0.00396104, "iv": 138.98, "instrument_name": "BTC-31DEC21-400000-C", "index_price": 38045.56, "direction": "buy", "amount": 0.6}, {"trade_seq": 1816, "trade_id": "173046319", "timestamp": 1628172339388, "tick_direction": 2, "price": 0.0035, "mark_price": 0.00396104, "iv": 138.98, "instrument_name": "BTC-31DEC21-400000-C", "index_price": 38042.12, "direction": "buy", "amount": 0.7}, {"trade_seq": 1815, "trade_id": "172953670", "timestamp": 1628128563859, "tick_direction": 1, "price": 0.0045, "mark_price": 0.00404317, "iv": 140.75, "instrument_name": "BTC-31DEC21-400000-C", "index_price": 39474.94, "direction": "buy", "amount": 0.5}, {"trade_seq": 1814, "trade_id": "172953669", "timestamp": 1628128563859, "tick_direction": 0, "price": 0.0045, "mark_price": 0.00404317, "iv": 140.75, "instrument_name": "BTC-31DEC21-400000-C", "index_price": 39474.94, "direction": "buy", "amount": 0.2}, {"trade_seq": 1813, "trade_id": "172843114", "timestamp": 1628075193638, "tick_direction": 2, "price": 0.004, "mark_price": 0.00401429, "iv": 140.19, "instrument_name": "BTC-31DEC21-400000-C", "index_price": 38234.22, "direction": "buy", "amount": 0.5}, {"trade_seq": 1812, "trade_id": "172743220", "timestamp": 1628017863456, "tick_direction": 1, "price": 0.0045, "mark_price": 0.00339578, "iv": 141.76, "instrument_name": "BTC-31DEC21-400000-C", "index_price": 38180.28, "direction": "buy", "amount": 0.7}, {"trade_seq": 1811, "trade_id": "172743219", "timestamp": 1628017863456, "tick_direction": 0, "price": 0.0045, "mark_price": 0.00339578, "iv": 141.76, "instrument_name": "BTC-31DEC21-400000-C", "index_price": 38180.28, "direction": "buy", "amount": 0.5}, {"trade_seq": 1810, "trade_id": "172742850", "timestamp": 1628017666979, "tick_direction": 1, "price": 0.0035, "mark_price": 0.00325159, "iv": 137.9, "instrument_name": "BTC-31DEC21-400000-C", "index_price": 38154.52, "direction": "buy", "amount": 0.1}, {"trade_seq": 1809, "trade_id": "172677081", "timestamp": 1627995490307, "tick_direction": 1, "price": 0.0035, "mark_price": 0.00325073, "iv": 137.52, "instrument_name": "BTC-31DEC21-400000-C", "index_price": 38390.15, "direction": "buy", "amount": 0.1}, {"trade_seq": 1808, "trade_id": "172664189", "timestamp": 1627992317073, "tick_direction": 0, "price": 0.0035, "mark_price": 0.00311467, "iv": 138.26, "instrument_name": "BTC-31DEC21-400000-C", "index_price": 37791.7, "direction": "buy", "amount": 0.2}, {"trade_seq": 1807, "trade_id": "172634398", "timestamp": 1627977816230, "tick_direction": 3, "price": 0.003, "mark_price": 0.0032094, "iv": 135.15, "instrument_name": "BTC-31DEC21-400000-C", "index_price": 38427.2, "direction": "sell", "amount": 0.1}, {"trade_seq": 1806, "trade_id": "172461944", "timestamp": 1627901336967, "tick_direction": 3, "price": 0.003, "mark_price": 0.00326564, "iv": 133.02, "instrument_name": "BTC-31DEC21-400000-C", "index_price": 39805.29, "direction": "sell", "amount": 2.9}, {"trade_seq": 1805, "trade_id": "172461943", "timestamp": 1627901336967, "tick_direction": 3, "price": 0.003, "mark_price": 0.00326564, "iv": 133.02, "instrument_name": "BTC-31DEC21-400000-C", "index_price": 39805.29, "direction": "sell", "amount": 0.1}, {"trade_seq": 1804, "trade_id": "172461942", "timestamp": 1627901336967, "tick_direction": 3, "price": 0.003, "mark_price": 0.00326564, "iv": 133.02, "instrument_name": "BTC-31DEC21-400000-C", "index_price": 39805.29, "direction": "sell", "amount": 0.1}, {"trade_seq": 1803, "trade_id": "172284573", "timestamp": 1627833630532, "tick_direction": 3, "price": 0.003, "mark_price": 0.00346079, "iv": 130.96, "instrument_name": "BTC-31DEC21-400000-C", "index_price": 41289.61, "direction": "buy", "amount": 0.8}, {"trade_seq": 1802, "trade_id": "172284571", "timestamp": 1627833629992, "tick_direction": 2, "price": 0.003, "mark_price": 0.00346079, "iv": 130.96, "instrument_name": "BTC-31DEC21-400000-C", "index_price": 41289.61, "direction": "sell", "amount": 0.1}, {"trade_seq": 1801, "trade_id": "172275504", "timestamp": 1627828669424, "tick_direction": 0, "price": 0.0035, "mark_price": 0.00295171, "iv": 133.06, "instrument_name": "BTC-31DEC21-400000-C", "index_price": 41344.41, "direction": "buy", "amount": 0.1}, {"trade_seq": 1800, "trade_id": "172255232", "timestamp": 1627812623032, "tick_direction": 3, "price": 0.0025, "mark_price": 0.00319472, "iv": 127.81, "instrument_name": "BTC-31DEC21-400000-C", "index_price": 41783.91, "direction": "sell", "amount": 8.2}, {"trade_seq": 1799, "trade_id": "172255231", "timestamp": 1627812623032, "tick_direction": 3, "price": 0.0025, "mark_price": 0.00319472, "iv": 127.81, "instrument_name": "BTC-31DEC21-400000-C", "index_price": 41783.91, "direction": "sell", "amount": 8.1}, {"trade_seq": 1798, "trade_id": "172255230", "timestamp": 1627812623032, "tick_direction": 3, "price": 0.0025, "mark_price": 0.00319472, "iv": 127.81, "instrument_name": "BTC-31DEC21-400000-C", "index_price": 41783.91, "direction": "sell", "amount": 0.1}, {"trade_seq": 1797, "trade_id": "172255229", "timestamp": 1627812623032, "tick_direction": 3, "price": 0.0025, "mark_price": 0.00319472, "iv": 127.81, "instrument_name": "BTC-31DEC21-400000-C", "index_price": 41783.91, "direction": "sell", "amount": 0.1}, {"trade_seq": 1796, "trade_id": "172255228", "timestamp": 1627812623032, "tick_direction": 2, "price": 0.0025, "mark_price": 0.00319472, "iv": 127.81, "instrument_name": "BTC-31DEC21-400000-C", "index_price": 41783.91, "direction": "sell", "amount": 0.1}, {"trade_seq": 1795, "trade_id": "172255107", "timestamp": 1627812589213, "tick_direction": 2, "price": 0.003, "mark_price": 0.00322953, "iv": 130.24, "instrument_name": "BTC-31DEC21-400000-C", "index_price": 41782.58, "direction": "sell", "amount": 0.1}, {"trade_seq": 1794, "trade_id": "172239050", "timestamp": 1627795119442, "tick_direction": 1, "price": 0.0035, "mark_price": 0.00395266, "iv": 132.2, "instrument_name": "BTC-31DEC21-400000-C", "index_price": 41908.13, "direction": "buy", "amount": 0.9}, {"trade_seq": 1793, "trade_id": "172239049", "timestamp": 1627795118646, "tick_direction": 0, "price": 0.0035, "mark_price": 0.00395266, "iv": 132.2, "instrument_name": "BTC-31DEC21-400000-C", "index_price": 41908.13, "direction": "sell", "amount": 0.1}, {"trade_seq": 1792, "trade_id": "172152990", "timestamp": 1627730124789, "tick_direction": 3, "price": 0.003, "mark_price": 0.00367808, "iv": 129.75, "instrument_name": "BTC-31DEC21-400000-C", "index_price": 41788.6, "direction": "buy", "amount": 1.1}, {"trade_seq": 1791, "trade_id": "172152989", "timestamp": 1627730121583, "tick_direction": 3, "price": 0.003, "mark_price": 0.00368272, "iv": 129.75, "instrument_name": "BTC-31DEC21-400000-C", "index_price": 41788.62, "direction": "buy", "amount": 0.9}, {"trade_seq": 1790, "trade_id": "172152988", "timestamp": 1627730116537, "tick_direction": 3, "price": 0.003, "mark_price": 0.00369021, "iv": 129.75, "instrument_name": "BTC-31DEC21-400000-C", "index_price": 41787.69, "direction": "buy", "amount": 14.4}, {"trade_seq": 1789, "trade_id": "172152987", "timestamp": 1627730116536, "tick_direction": 3, "price": 0.003, "mark_price": 0.00369021, "iv": 129.75, "instrument_name": "BTC-31DEC21-400000-C", "index_price": 41787.69, "direction": "buy", "amount": 0.9}, {"trade_seq": 1788, "trade_id": "172152986", "timestamp": 1627730116533, "tick_direction": 3, "price": 0.003, "mark_price": 0.00369021, "iv": 129.75, "instrument_name": "BTC-31DEC21-400000-C", "index_price": 41787.69, "direction": "sell", "amount": 15.0}, {"trade_seq": 1787, "trade_id": "172040969", "timestamp": 1627680586608, "tick_direction": 3, "price": 0.003, "mark_price": 0.00347417, "iv": 130.53, "instrument_name": "BTC-31DEC21-400000-C", "index_price": 40904.47, "direction": "sell", "amount": 2.7}, {"trade_seq": 1786, "trade_id": "172040968", "timestamp": 1627680586608, "tick_direction": 2, "price": 0.003, "mark_price": 0.00347417, "iv": 130.53, "instrument_name": "BTC-31DEC21-400000-C", "index_price": 40904.47, "direction": "sell", "amount": 0.3}, {"trade_seq": 1785, "trade_id": "171994178", "timestamp": 1627667506580, "tick_direction": 2, "price": 0.0035, "mark_price": 0.00375191, "iv": 134.94, "instrument_name": "BTC-31DEC21-400000-C", "index_price": 39047.46, "direction": "sell", "amount": 0.4}, {"trade_seq": 1784, "trade_id": "171968079", "timestamp": 1627650304061, "tick_direction": 2, "price": 0.004, "mark_price": 0.00374165, "iv": 137.13, "instrument_name": "BTC-31DEC21-400000-C", "index_price": 38785.93, "direction": "buy", "amount": 1.0}, {"trade_seq": 1783, "trade_id": "171449625", "timestamp": 1627441282873, "tick_direction": 1, "price": 0.005, "mark_price": 0.00416531, "iv": 138.16, "instrument_name": "BTC-31DEC21-400000-C", "index_price": 39789.03, "direction": "buy", "amount": 0.3}, {"trade_seq": 1782, "trade_id": "171449624", "timestamp": 1627441282873, "tick_direction": 1, "price": 0.005, "mark_price": 0.00416531, "iv": 138.16, "instrument_name": "BTC-31DEC21-400000-C", "index_price": 39789.03, "direction": "buy", "amount": 0.1}, {"trade_seq": 1781, "trade_id": "171449623", "timestamp": 1627441282873, "tick_direction": 1, "price": 0.005, "mark_price": 0.00416531, "iv": 138.16, "instrument_name": "BTC-31DEC21-400000-C", "index_price": 39789.03, "direction": "buy", "amount": 0.1}, {"trade_seq": 1780, "trade_id": "171449622", "timestamp": 1627441282873, "tick_direction": 0, "price": 0.005, "mark_price": 0.00416531, "iv": 138.16, "instrument_name": "BTC-31DEC21-400000-C", "index_price": 39789.03, "direction": "buy", "amount": 0.5}, {"trade_seq": 1779, "trade_id": "171259917", "timestamp": 1627393342152, "tick_direction": 3, "price": 0.0045, "mark_price": 0.00400066, "iv": 137.62, "instrument_name": "BTC-31DEC21-400000-C", "index_price": 38629.3, "direction": "buy", "amount": 4.4}, {"trade_seq": 1778, "trade_id": "171259916", "timestamp": 1627393342152, "tick_direction": 2, "price": 0.0045, "mark_price": 0.00400066, "iv": 137.62, "instrument_name": "BTC-31DEC21-400000-C", "index_price": 38629.3, "direction": "buy", "amount": 0.6}, {"trade_seq": 1777, "trade_id": "170991006", "timestamp": 1627327768374, "tick_direction": 1, "price": 0.005, "mark_price": 0.00421061, "iv": 136.85, "instrument_name": "BTC-31DEC21-400000-C", "index_price": 40342.1, "direction": "buy", "amount": 1.5}, {"trade_seq": 1776, "trade_id": "170990799", "timestamp": 1627327739117, "tick_direction": 1, "price": 0.005, "mark_price": 0.00419258, "iv": 136.92, "instrument_name": "BTC-31DEC21-400000-C", "index_price": 40288.99, "direction": "buy", "amount": 0.5}, {"trade_seq": 1775, "trade_id": "170990798", "timestamp": 1627327739117, "tick_direction": 1, "price": 0.005, "mark_price": 0.00419258, "iv": 136.92, "instrument_name": "BTC-31DEC21-400000-C", "index_price": 40288.99, "direction": "buy", "amount": 1.5}, {"trade_seq": 1774, "trade_id": "170990791", "timestamp": 1627327735880, "tick_direction": 1, "price": 0.005, "mark_price": 0.00418963, "iv": 136.92, "instrument_name": "BTC-31DEC21-400000-C", "index_price": 40289.99, "direction": "buy", "amount": 0.5}, {"trade_seq": 1773, "trade_id": "170990790", "timestamp": 1627327735880, "tick_direction": 0, "price": 0.005, "mark_price": 0.00418963, "iv": 136.92, "instrument_name": "BTC-31DEC21-400000-C", "index_price": 40289.99, "direction": "buy", "amount": 1.5}, {"trade_seq": 1772, "trade_id": "170989362", "timestamp": 1627327486239, "tick_direction": 2, "price": 0.0035, "mark_price": 0.00428525, "iv": 131.3, "instrument_name": "BTC-31DEC21-400000-C", "index_price": 40454.14, "direction": "sell", "amount": 0.6}, {"trade_seq": 1771, "trade_id": "170967506", "timestamp": 1627323780069, "tick_direction": 1, "price": 0.0045, "mark_price": 0.00387899, "iv": 136.01, "instrument_name": "BTC-31DEC21-400000-C", "index_price": 39598.72, "direction": "buy", "amount": 0.6}, {"trade_seq": 1770, "trade_id": "170967505", "timestamp": 1627323780069, "tick_direction": 1, "price": 0.0045, "mark_price": 0.00387899, "iv": 136.01, "instrument_name": "BTC-31DEC21-400000-C", "index_price": 39598.72, "direction": "buy", "amount": 5.0}, {"trade_seq": 1769, "trade_id": "170967504", "timestamp": 1627323780069, "tick_direction": 1, "price": 0.0045, "mark_price": 0.00387899, "iv": 136.01, "instrument_name": "BTC-31DEC21-400000-C", "index_price": 39598.72, "direction": "buy", "amount": 0.1}, {"trade_seq": 1768, "trade_id": "170967503", "timestamp": 1627323780069, "tick_direction": 0, "price": 0.0045, "mark_price": 0.00387899, "iv": 136.01, "instrument_name": "BTC-31DEC21-400000-C", "index_price": 39598.72, "direction": "buy", "amount": 0.1}, {"trade_seq": 1767, "trade_id": "170966106", "timestamp": 1627323496907, "tick_direction": 1, "price": 0.004, "mark_price": 0.00379849, "iv": 134.23, "instrument_name": "BTC-31DEC21-400000-C", "index_price": 39575.83, "direction": "buy", "amount": 0.1}, {"trade_seq": 1766, "trade_id": "170852992", "timestamp": 1627300862180, "tick_direction": 0, "price": 0.004, "mark_price": 0.003897, "iv": 135.32, "instrument_name": "BTC-31DEC21-400000-C", "index_price": 38565.7, "direction": "buy", "amount": 0.7}, {"trade_seq": 1765, "trade_id": "170506180", "timestamp": 1627204069227, "tick_direction": 3, "price": 0.0035, "mark_price": 0.00358886, "iv": 137.91, "instrument_name": "BTC-31DEC21-400000-C", "index_price": 34612.99, "direction": "sell", "amount": 2.0}, {"trade_seq": 1764, "trade_id": "170404247", "timestamp": 1627154806924, "tick_direction": 2, "price": 0.0035, "mark_price": 0.00322058, "iv": 138.31, "instrument_name": "BTC-31DEC21-400000-C", "index_price": 34116.97, "direction": "buy", "amount": 0.1}, {"trade_seq": 1763, "trade_id": "170314257", "timestamp": 1627114248333, "tick_direction": 1, "price": 0.004, "mark_price": 0.00344659, "iv": 140.85, "instrument_name": "BTC-31DEC21-400000-C", "index_price": 33708.13, "direction": "buy", "amount": 0.9}, {"trade_seq": 1762, "trade_id": "170314256", "timestamp": 1627114248333, "tick_direction": 0, "price": 0.004, "mark_price": 0.00344659, "iv": 140.85, "instrument_name": "BTC-31DEC21-400000-C", "index_price": 33708.13, "direction": "buy", "amount": 0.1}, {"trade_seq": 1761, "trade_id": "170296933", "timestamp": 1627105753630, "tick_direction": 2, "price": 0.0035, "mark_price": 0.00325405, "iv": 138.82, "instrument_name": "BTC-31DEC21-400000-C", "index_price": 33756.83, "direction": "buy", "amount": 0.7}, {"trade_seq": 1760, "trade_id": "169754439", "timestamp": 1626862711616, "tick_direction": 1, "price": 0.004, "mark_price": 0.003548, "iv": 143.49, "instrument_name": "BTC-31DEC21-400000-C", "index_price": 31433.27, "direction": "buy", "amount": 0.5}, {"trade_seq": 1759, "trade_id": "169754438", "timestamp": 1626862711616, "tick_direction": 1, "price": 0.004, "mark_price": 0.003548, "iv": 143.49, "instrument_name": "BTC-31DEC21-400000-C", "index_price": 31433.27, "direction": "buy", "amount": 0.1}, {"trade_seq": 1758, "trade_id": "169754437", "timestamp": 1626862711616, "tick_direction": 0, "price": 0.004, "mark_price": 0.003548, "iv": 143.49, "instrument_name": "BTC-31DEC21-400000-C", "index_price": 31433.27, "direction": "buy", "amount": 0.1}, {"trade_seq": 1757, "trade_id": "169751589", "timestamp": 1626862228067, "tick_direction": 1, "price": 0.0035, "mark_price": 0.00332124, "iv": 141.37, "instrument_name": "BTC-31DEC21-400000-C", "index_price": 31497.09, "direction": "buy", "amount": 0.1}, {"trade_seq": 1756, "trade_id": "169707706", "timestamp": 1626845626137, "tick_direction": 1, "price": 0.0035, "mark_price": 0.00339992, "iv": 142.5, "instrument_name": "BTC-31DEC21-400000-C", "index_price": 30695.75, "direction": "buy", "amount": 0.5}, {"trade_seq": 1755, "trade_id": "169659667", "timestamp": 1626827715311, "tick_direction": 1, "price": 0.0035, "mark_price": 0.00321264, "iv": 144.0, "instrument_name": "BTC-31DEC21-400000-C", "index_price": 29611.68, "direction": "buy", "amount": 0.5}, {"trade_seq": 1754, "trade_id": "169659666", "timestamp": 1626827715311, "tick_direction": 0, "price": 0.0035, "mark_price": 0.00321264, "iv": 144.0, "instrument_name": "BTC-31DEC21-400000-C", "index_price": 29611.68, "direction": "buy", "amount": 0.3}, {"trade_seq": 1753, "trade_id": "169518490", "timestamp": 1626773845571, "tick_direction": 2, "price": 0.003, "mark_price": 0.00318435, "iv": 141.35, "instrument_name": "BTC-31DEC21-400000-C", "index_price": 29718.19, "direction": "buy", "amount": 0.5}, {"trade_seq": 1752, "trade_id": "169482859", "timestamp": 1626756239404, "tick_direction": 1, "price": 0.0035, "mark_price": 0.00314887, "iv": 143.44, "instrument_name": "BTC-31DEC21-400000-C", "index_price": 29771.93, "direction": "buy", "amount": 0.7}, {"trade_seq": 1751, "trade_id": "169482851", "timestamp": 1626756236255, "tick_direction": 1, "price": 0.0035, "mark_price": 0.00314904, "iv": 143.44, "instrument_name": "BTC-31DEC21-400000-C", "index_price": 29770.54, "direction": "buy", "amount": 0.7}, {"trade_seq": 1750, "trade_id": "169447223", "timestamp": 1626751149822, "tick_direction": 1, "price": 0.0035, "mark_price": 0.00357292, "iv": 143.6, "instrument_name": "BTC-31DEC21-400000-C", "index_price": 29701.61, "direction": "sell", "amount": 1.6}, {"trade_seq": 1749, "trade_id": "169439686", "timestamp": 1626751026770, "tick_direction": 1, "price": 0.0035, "mark_price": 0.00370341, "iv": 143.0, "instrument_name": "BTC-31DEC21-400000-C", "index_price": 30073.59, "direction": "sell", "amount": 0.2}, {"trade_seq": 1748, "trade_id": "169428041", "timestamp": 1626749025495, "tick_direction": 1, "price": 0.0035, "mark_price": 0.00372928, "iv": 142.65, "instrument_name": "BTC-31DEC21-400000-C", "index_price": 30309.08, "direction": "sell", "amount": 1.5}, {"trade_seq": 1747, "trade_id": "169406874", "timestamp": 1626742099638, "tick_direction": 1, "price": 0.0035, "mark_price": 0.00295968, "iv": 141.67, "instrument_name": "BTC-31DEC21-400000-C", "index_price": 30881.47, "direction": "buy", "amount": 0.1}, {"trade_seq": 1746, "trade_id": "169406873", "timestamp": 1626742099638, "tick_direction": 0, "price": 0.0035, "mark_price": 0.00295968, "iv": 141.67, "instrument_name": "BTC-31DEC21-400000-C", "index_price": 30881.47, "direction": "buy", "amount": 0.6}, {"trade_seq": 1745, "trade_id": "169262018", "timestamp": 1626691983325, "tick_direction": 3, "price": 0.003, "mark_price": 0.00330622, "iv": 138.71, "instrument_name": "BTC-31DEC21-400000-C", "index_price": 31220.34, "direction": "sell", "amount": 21.2}, {"trade_seq": 1744, "trade_id": "169262017", "timestamp": 1626691983325, "tick_direction": 2, "price": 0.003, "mark_price": 0.00330622, "iv": 138.71, "instrument_name": "BTC-31DEC21-400000-C", "index_price": 31220.34, "direction": "sell", "amount": 0.2}, {"trade_seq": 1743, "trade_id": "169234666", "timestamp": 1626674976743, "tick_direction": 3, "price": 0.0035, "mark_price": 0.00374369, "iv": 139.95, "instrument_name": "BTC-31DEC21-400000-C", "index_price": 31812.84, "direction": "sell", "amount": 1.0}, {"trade_seq": 1742, "trade_id": "169189678", "timestamp": 1626635858007, "tick_direction": 3, "price": 0.0035, "mark_price": 0.00324295, "iv": 140.03, "instrument_name": "BTC-31DEC21-400000-C", "index_price": 31669.37, "direction": "buy", "amount": 0.3}, {"trade_seq": 1741, "trade_id": "169146812", "timestamp": 1626603318141, "tick_direction": 2, "price": 0.0035, "mark_price": 0.00321823, "iv": 139.94, "instrument_name": "BTC-31DEC21-400000-C", "index_price": 31599.99, "direction": "buy", "amount": 0.1}, {"trade_seq": 1740, "trade_id": "169090238", "timestamp": 1626562473346, "tick_direction": 3, "price": 0.004, "mark_price": 0.00347363, "iv": 141.6, "instrument_name": "BTC-31DEC21-400000-C", "index_price": 31651.34, "direction": "buy", "amount": 2.0}, {"trade_seq": 1739, "trade_id": "169067920", "timestamp": 1626537855343, "tick_direction": 3, "price": 0.004, "mark_price": 0.00347659, "iv": 141.4, "instrument_name": "BTC-31DEC21-400000-C", "index_price": 31721.18, "direction": "buy", "amount": 0.1}, {"trade_seq": 1738, "trade_id": "168956031", "timestamp": 1626470343268, "tick_direction": 2, "price": 0.004, "mark_price": 0.00346882, "iv": 141.0, "instrument_name": "BTC-31DEC21-400000-C", "index_price": 31764.48, "direction": "buy", "amount": 0.1}, {"trade_seq": 1737, "trade_id": "168843523", "timestamp": 1626419453272, "tick_direction": 0, "price": 0.0045, "mark_price": 0.00371288, "iv": 142.66, "instrument_name": "BTC-31DEC21-400000-C", "index_price": 31708.63, "direction": "buy", "amount": 0.1}, {"trade_seq": 1736, "trade_id": "168769984", "timestamp": 1626370925718, "tick_direction": 2, "price": 0.003, "mark_price": 0.00346362, "iv": 137.08, "instrument_name": "BTC-31DEC21-400000-C", "index_price": 31283.7, "direction": "sell", "amount": 0.2}, {"trade_seq": 1735, "trade_id": "168625050", "timestamp": 1626294153857, "tick_direction": 0, "price": 0.0045, "mark_price": 0.00369528, "iv": 140.57, "instrument_name": "BTC-31DEC21-400000-C", "index_price": 32793.5, "direction": "buy", "amount": 0.1}, {"trade_seq": 1734, "trade_id": "168617141", "timestamp": 1626289186225, "tick_direction": 0, "price": 0.004, "mark_price": 0.00348158, "iv": 138.82, "instrument_name": "BTC-31DEC21-400000-C", "index_price": 32754.21, "direction": "buy", "amount": 0.2}, {"trade_seq": 1733, "trade_id": "168589649", "timestamp": 1626273149664, "tick_direction": 3, "price": 0.0035, "mark_price": 0.00324646, "iv": 136.57, "instrument_name": "BTC-31DEC21-400000-C", "index_price": 32830.62, "direction": "buy", "amount": 1.4}, {"trade_seq": 1732, "trade_id": "168589371", "timestamp": 1626272970134, "tick_direction": 3, "price": 0.0035, "mark_price": 0.00322899, "iv": 136.63, "instrument_name": "BTC-31DEC21-400000-C", "index_price": 32781.49, "direction": "buy", "amount": 0.1}, {"trade_seq": 1731, "trade_id": "168589143", "timestamp": 1626272828099, "tick_direction": 3, "price": 0.0035, "mark_price": 0.00323153, "iv": 136.6, "instrument_name": "BTC-31DEC21-400000-C", "index_price": 32799.63, "direction": "buy", "amount": 0.2}, {"trade_seq": 1730, "trade_id": "168568126", "timestamp": 1626262777070, "tick_direction": 3, "price": 0.0035, "mark_price": 0.00322863, "iv": 136.98, "instrument_name": "BTC-31DEC21-400000-C", "index_price": 32421.07, "direction": "buy", "amount": 1.0}, {"trade_seq": 1729, "trade_id": "168538516", "timestamp": 1626249437980, "tick_direction": 3, "price": 0.0035, "mark_price": 0.0032354, "iv": 137.59, "instrument_name": "BTC-31DEC21-400000-C", "index_price": 31935.01, "direction": "buy", "amount": 11.7}, {"trade_seq": 1728, "trade_id": "168468194", "timestamp": 1626211285268, "tick_direction": 3, "price": 0.0035, "mark_price": 0.00372858, "iv": 136.76, "instrument_name": "BTC-31DEC21-400000-C", "index_price": 32448.69, "direction": "sell", "amount": 5.4}, {"trade_seq": 1727, "trade_id": "168468193", "timestamp": 1626211285268, "tick_direction": 2, "price": 0.0035, "mark_price": 0.00372858, "iv": 136.76, "instrument_name": "BTC-31DEC21-400000-C", "index_price": 32448.69, "direction": "sell", "amount": 0.2}, {"trade_seq": 1726, "trade_id": "168436327", "timestamp": 1626192763923, "tick_direction": 1, "price": 0.004, "mark_price": 0.0042254, "iv": 138.44, "instrument_name": "BTC-31DEC21-400000-C", "index_price": 32673.01, "direction": "sell", "amount": 0.8}, {"trade_seq": 1725, "trade_id": "168422099", "timestamp": 1626184228850, "tick_direction": 0, "price": 0.004, "mark_price": 0.00371318, "iv": 138.86, "instrument_name": "BTC-31DEC21-400000-C", "index_price": 32420.69, "direction": "buy", "amount": 0.2}, {"trade_seq": 1724, "trade_id": "168387717", "timestamp": 1626170875135, "tick_direction": 3, "price": 0.0035, "mark_price": 0.00397645, "iv": 135.31, "instrument_name": "BTC-31DEC21-400000-C", "index_price": 33256.21, "direction": "sell", "amount": 0.8}, {"trade_seq": 1723, "trade_id": "168387716", "timestamp": 1626170875135, "tick_direction": 2, "price": 0.0035, "mark_price": 0.00397645, "iv": 135.31, "instrument_name": "BTC-31DEC21-400000-C", "index_price": 33256.21, "direction": "sell", "amount": 0.1}, {"trade_seq": 1722, "trade_id": "168314914", "timestamp": 1626113420296, "tick_direction": 2, "price": 0.004, "mark_price": 0.00448064, "iv": 137.27, "instrument_name": "BTC-31DEC21-400000-C", "index_price": 33149.61, "direction": "sell", "amount": 0.1}, {"trade_seq": 1721, "trade_id": "168183415", "timestamp": 1626015150797, "tick_direction": 3, "price": 0.0045, "mark_price": 0.00475226, "iv": 137.43, "instrument_name": "BTC-31DEC21-400000-C", "index_price": 33907.54, "direction": "sell", "amount": 0.1}, {"trade_seq": 1720, "trade_id": "168160784", "timestamp": 1625990826158, "tick_direction": 3, "price": 0.0045, "mark_price": 0.00403767, "iv": 137.95, "instrument_name": "BTC-31DEC21-400000-C", "index_price": 33461.58, "direction": "buy", "amount": 0.5}, {"trade_seq": 1719, "trade_id": "168157747", "timestamp": 1625986257970, "tick_direction": 2, "price": 0.0045, "mark_price": 0.00472947, "iv": 137.94, "instrument_name": "BTC-31DEC21-400000-C", "index_price": 33474.75, "direction": "sell", "amount": 0.1}, {"trade_seq": 1718, "trade_id": "168155758", "timestamp": 1625982712842, "tick_direction": 0, "price": 0.005, "mark_price": 0.00420419, "iv": 139.37, "instrument_name": "BTC-31DEC21-400000-C", "index_price": 33592.01, "direction": "buy", "amount": 0.1}, {"trade_seq": 1717, "trade_id": "168037819", "timestamp": 1625874099998, "tick_direction": 0, "price": 0.0045, "mark_price": 0.00390287, "iv": 136.77, "instrument_name": "BTC-31DEC21-400000-C", "index_price": 33945.44, "direction": "buy", "amount": 0.5}, {"trade_seq": 1716, "trade_id": "167935877", "timestamp": 1625801129488, "tick_direction": 2, "price": 0.004, "mark_price": 0.00399761, "iv": 135.96, "instrument_name": "BTC-31DEC21-400000-C", "index_price": 33009.81, "direction": "buy", "amount": 1.0}, {"trade_seq": 1715, "trade_id": "167896437", "timestamp": 1625773414587, "tick_direction": 0, "price": 0.0045, "mark_price": 0.00400419, "iv": 137.83, "instrument_name": "BTC-31DEC21-400000-C", "index_price": 32912.81, "direction": "buy", "amount": 0.1}, {"trade_seq": 1714, "trade_id": "167737593", "timestamp": 1625704451982, "tick_direction": 3, "price": 0.0035, "mark_price": 0.00408648, "iv": 133.56, "instrument_name": "BTC-31DEC21-400000-C", "index_price": 33132.5, "direction": "buy", "amount": 1.6}, {"trade_seq": 1713, "trade_id": "167737592", "timestamp": 1625704451979, "tick_direction": 2, "price": 0.0035, "mark_price": 0.00408648, "iv": 133.56, "instrument_name": "BTC-31DEC21-400000-C", "index_price": 33132.5, "direction": "sell", "amount": 0.4}, {"trade_seq": 1712, "trade_id": "167557866", "timestamp": 1625598468045, "tick_direction": 3, "price": 0.004, "mark_price": 0.00432029, "iv": 134.15, "instrument_name": "BTC-31DEC21-400000-C", "index_price": 33849.54, "direction": "buy", "amount": 0.7}, {"trade_seq": 1711, "trade_id": "167557865", "timestamp": 1625598468014, "tick_direction": 3, "price": 0.004, "mark_price": 0.00432029, "iv": 134.15, "instrument_name": "BTC-31DEC21-400000-C", "index_price": 33849.54, "direction": "buy", "amount": 1.3}, {"trade_seq": 1710, "trade_id": "167369355", "timestamp": 1625527290485, "tick_direction": 2, "price": 0.004, "mark_price": 0.00448414, "iv": 133.38, "instrument_name": "BTC-31DEC21-400000-C", "index_price": 34065.16, "direction": "sell", "amount": 0.1}