{"trades": [{"trade_seq": 521, "trade_id": "230050927", "timestamp": 1663966008365, "tick_direction": 3, "price": 0.0005, "mark_price": 5.146e-05, "iv": 144.65, "instrument_name": "BTC-30DEC22-200000-C", "index_price": 18919.35, "direction": "sell", "amount": 1.5}, {"trade_seq": 520, "trade_id": "230050926", "timestamp": 1663966008364, "tick_direction": 3, "price": 0.0005, "mark_price": 5.146e-05, "iv": 144.65, "instrument_name": "BTC-30DEC22-200000-C", "index_price": 18919.35, "direction": "sell", "amount": 23.5}, {"trade_seq": 519, "trade_id": "230050925", "timestamp": 1663966008361, "tick_direction": 3, "price": 0.0005, "mark_price": 5.146e-05, "iv": 144.65, "instrument_name": "BTC-30DEC22-200000-C", "index_price": 18919.35, "direction": "buy", "amount": 5.0}, {"trade_seq": 518, "trade_id": "227518557", "timestamp": 1661513932581, "tick_direction": 3, "price": 0.0005, "mark_price": 0.00056671, "iv": 122.15, "instrument_name": "BTC-30DEC22-200000-C", "index_price": 21152.05, "direction": "sell", "amount": 5.0}, {"trade_seq": 517, "trade_id": "227518556", "timestamp": 1661513932581, "tick_direction": 2, "price": 0.0005, "mark_price": 0.00056671, "iv": 122.15, "instrument_name": "BTC-30DEC22-200000-C", "index_price": 21152.05, "direction": "sell", "amount": 1.0}, {"trade_seq": 516, "trade_id": "226603924", "timestamp": 1660560779825, "tick_direction": 3, "price": 0.001, "mark_price": 0.00076415, "iv": 117.79, "instrument_name": "BTC-30DEC22-200000-C", "index_price": 24239.91, "direction": "buy", "amount": 3.3}, {"trade_seq": 515, "trade_id": "226603923", "timestamp": 1660560779825, "tick_direction": 3, "price": 0.001, "mark_price": 0.00076415, "iv": 117.79, "instrument_name": "BTC-30DEC22-200000-C", "index_price": 24239.91, "direction": "buy", "amount": 5.5}, {"trade_seq": 514, "trade_id": "226030176", "timestamp": 1659948918240, "tick_direction": 3, "price": 0.001, "mark_price": 0.00106925, "iv": 114.98, "instrument_name": "BTC-30DEC22-200000-C", "index_price": 24101.33, "direction": "buy", "amount": 0.2}, {"trade_seq": 513, "trade_id": "223838033", "timestamp": 1658340306503, "tick_direction": 2, "price": 0.001, "mark_price": 0.00106171, "iv": 109.16, "instrument_name": "BTC-30DEC22-200000-C", "index_price": 23603.57, "direction": "buy", "amount": 1.0}, {"trade_seq": 512, "trade_id": "222728339", "timestamp": 1657673992390, "tick_direction": 2, "price": 0.0015, "mark_price": 0.00090035, "iv": 119.03, "instrument_name": "BTC-30DEC22-200000-C", "index_price": 19408.46, "direction": "buy", "amount": 0.2}, {"trade_seq": 511, "trade_id": "221069516", "timestamp": 1656315837982, "tick_direction": 1, "price": 0.003, "mark_price": 0.00148752, "iv": 118.03, "instrument_name": "BTC-30DEC22-200000-C", "index_price": 21344.04, "direction": "buy", "amount": 4.2}, {"trade_seq": 510, "trade_id": "221069515", "timestamp": 1656315837982, "tick_direction": 1, "price": 0.003, "mark_price": 0.00148752, "iv": 118.03, "instrument_name": "BTC-30DEC22-200000-C", "index_price": 21344.04, "direction": "buy", "amount": 16.8}, {"trade_seq": 509, "trade_id": "221069465", "timestamp": 1656315783230, "tick_direction": 1, "price": 0.003, "mark_price": 0.00180092, "iv": 118.0, "instrument_name": "BTC-30DEC22-200000-C", "index_price": 21352.88, "direction": "buy", "amount": 4.2}, {"trade_seq": 508, "trade_id": "221069464", "timestamp": 1656315783230, "tick_direction": 0, "price": 0.003, "mark_price": 0.00180092, "iv": 118.0, "instrument_name": "BTC-30DEC22-200000-C", "index_price": 21352.88, "direction": "buy", "amount": 15.0}, {"trade_seq": 507, "trade_id": "220835073", "timestamp": 1656055575701, "tick_direction": 2, "price": 0.0005, "mark_price": 0.00105817, "iv": 100.27, "instrument_name": "BTC-30DEC22-200000-C", "index_price": 20791.05, "direction": "sell", "amount": 0.1}, {"trade_seq": 506, "trade_id": "219451949", "timestamp": 1655449211018, "tick_direction": 3, "price": 0.0025, "mark_price": 0.00342967, "iv": 113.7, "instrument_name": "BTC-30DEC22-200000-C", "index_price": 20852.86, "direction": "sell", "amount": 10.0}, {"trade_seq": 505, "trade_id": "219451652", "timestamp": 1655449104172, "tick_direction": 3, "price": 0.0025, "mark_price": 0.00317855, "iv": 113.68, "instrument_name": "BTC-30DEC22-200000-C", "index_price": 20871.73, "direction": "sell", "amount": 10.0}, {"trade_seq": 504, "trade_id": "219451410", "timestamp": 1655449013530, "tick_direction": 2, "price": 0.0025, "mark_price": 0.00347951, "iv": 113.72, "instrument_name": "BTC-30DEC22-200000-C", "index_price": 20843.01, "direction": "sell", "amount": 10.0}, {"trade_seq": 503, "trade_id": "218860278", "timestamp": 1655274697732, "tick_direction": 0, "price": 0.004, "mark_price": 0.00168845, "iv": 118.68, "instrument_name": "BTC-30DEC22-200000-C", "index_price": 20988.48, "direction": "buy", "amount": 0.1}, {"trade_seq": 502, "trade_id": "218816781", "timestamp": 1655264757353, "tick_direction": 3, "price": 0.001, "mark_price": 0.00179083, "iv": 102.26, "instrument_name": "BTC-30DEC22-200000-C", "index_price": 21560.72, "direction": "sell", "amount": 7.0}, {"trade_seq": 501, "trade_id": "218559255", "timestamp": 1655198966673, "tick_direction": 3, "price": 0.001, "mark_price": 0.00178651, "iv": 100.36, "instrument_name": "BTC-30DEC22-200000-C", "index_price": 22431.94, "direction": "buy", "amount": 0.9}, {"trade_seq": 500, "trade_id": "218559254", "timestamp": 1655198966662, "tick_direction": 3, "price": 0.001, "mark_price": 0.00178651, "iv": 100.36, "instrument_name": "BTC-30DEC22-200000-C", "index_price": 22431.94, "direction": "sell", "amount": 10.0}, {"trade_seq": 499, "trade_id": "218287218", "timestamp": 1655152722428, "tick_direction": 3, "price": 0.001, "mark_price": 0.00129383, "iv": 98.63, "instrument_name": "BTC-30DEC22-200000-C", "index_price": 23404.03, "direction": "sell", "amount": 2.0}, {"trade_seq": 498, "trade_id": "217984336", "timestamp": 1655102542530, "tick_direction": 3, "price": 0.001, "mark_price": 0.00121786, "iv": 95.51, "instrument_name": "BTC-30DEC22-200000-C", "index_price": 25262.79, "direction": "buy", "amount": 8.6}, {"trade_seq": 497, "trade_id": "217949448", "timestamp": 1655094048222, "tick_direction": 3, "price": 0.001, "mark_price": 0.00202013, "iv": 94.24, "instrument_name": "BTC-30DEC22-200000-C", "index_price": 26104.68, "direction": "sell", "amount": 0.1}, {"trade_seq": 496, "trade_id": "217949447", "timestamp": 1655094048222, "tick_direction": 2, "price": 0.001, "mark_price": 0.00202013, "iv": 94.24, "instrument_name": "BTC-30DEC22-200000-C", "index_price": 26104.68, "direction": "sell", "amount": 85.8}, {"trade_seq": 495, "trade_id": "217191626", "timestamp": 1654688674562, "tick_direction": 1, "price": 0.0015, "mark_price": 0.00149295, "iv": 90.69, "instrument_name": "BTC-30DEC22-200000-C", "index_price": 30466.53, "direction": "sell", "amount": 2.6}, {"trade_seq": 494, "trade_id": "216798466", "timestamp": 1654433066914, "tick_direction": 1, "price": 0.0015, "mark_price": 0.00168064, "iv": 91.07, "instrument_name": "BTC-30DEC22-200000-C", "index_price": 29688.5, "direction": "buy", "amount": 0.1}, {"trade_seq": 493, "trade_id": "216798465", "timestamp": 1654433066911, "tick_direction": 0, "price": 0.0015, "mark_price": 0.00168064, "iv": 91.07, "instrument_name": "BTC-30DEC22-200000-C", "index_price": 29688.5, "direction": "sell", "amount": 6.2}, {"trade_seq": 492, "trade_id": "216783232", "timestamp": 1654396844512, "tick_direction": 3, "price": 0.001, "mark_price": 0.00152519, "iv": 87.38, "instrument_name": "BTC-30DEC22-200000-C", "index_price": 29756.89, "direction": "sell", "amount": 0.1}, {"trade_seq": 491, "trade_id": "216783231", "timestamp": 1654396830397, "tick_direction": 3, "price": 0.001, "mark_price": 0.00152261, "iv": 87.38, "instrument_name": "BTC-30DEC22-200000-C", "index_price": 29758.36, "direction": "sell", "amount": 0.1}, {"trade_seq": 490, "trade_id": "216783230", "timestamp": 1654396822289, "tick_direction": 3, "price": 0.001, "mark_price": 0.0015211, "iv": 87.38, "instrument_name": "BTC-30DEC22-200000-C", "index_price": 29759.01, "direction": "sell", "amount": 0.1}, {"trade_seq": 489, "trade_id": "216783229", "timestamp": 1654396816223, "tick_direction": 3, "price": 0.001, "mark_price": 0.00151956, "iv": 87.38, "instrument_name": "BTC-30DEC22-200000-C", "index_price": 29758.89, "direction": "sell", "amount": 0.1}, {"trade_seq": 488, "trade_id": "216783228", "timestamp": 1654396810164, "tick_direction": 3, "price": 0.001, "mark_price": 0.00151834, "iv": 87.38, "instrument_name": "BTC-30DEC22-200000-C", "index_price": 29758.27, "direction": "sell", "amount": 0.1}, {"trade_seq": 487, "trade_id": "216783227", "timestamp": 1654396804110, "tick_direction": 3, "price": 0.001, "mark_price": 0.00151706, "iv": 87.38, "instrument_name": "BTC-30DEC22-200000-C", "index_price": 29758.77, "direction": "sell", "amount": 0.1}, {"trade_seq": 486, "trade_id": "216783226", "timestamp": 1654396800078, "tick_direction": 3, "price": 0.001, "mark_price": 0.00151625, "iv": 87.38, "instrument_name": "BTC-30DEC22-200000-C", "index_price": 29758.69, "direction": "sell", "amount": 0.1}, {"trade_seq": 485, "trade_id": "216783225", "timestamp": 1654396796045, "tick_direction": 3, "price": 0.001, "mark_price": 0.00151546, "iv": 87.38, "instrument_name": "BTC-30DEC22-200000-C", "index_price": 29758.99, "direction": "sell", "amount": 0.1}, {"trade_seq": 484, "trade_id": "216783224", "timestamp": 1654396792004, "tick_direction": 3, "price": 0.001, "mark_price": 0.0015147, "iv": 87.38, "instrument_name": "BTC-30DEC22-200000-C", "index_price": 29759.85, "direction": "sell", "amount": 0.1}, {"trade_seq": 483, "trade_id": "216783223", "timestamp": 1654396789978, "tick_direction": 3, "price": 0.001, "mark_price": 0.00151425, "iv": 87.38, "instrument_name": "BTC-30DEC22-200000-C", "index_price": 29759.82, "direction": "sell", "amount": 0.1}, {"trade_seq": 482, "trade_id": "216783222", "timestamp": 1654396785929, "tick_direction": 3, "price": 0.001, "mark_price": 0.00151337, "iv": 87.38, "instrument_name": "BTC-30DEC22-200000-C", "index_price": 29759.8, "direction": "sell", "amount": 0.1}, {"trade_seq": 481, "trade_id": "216783221", "timestamp": 1654396781882, "tick_direction": 3, "price": 0.001, "mark_price": 0.00151245, "iv": 87.38, "instrument_name": "BTC-30DEC22-200000-C", "index_price": 29759.35, "direction": "sell", "amount": 0.1}, {"trade_seq": 480, "trade_id": "216783220", "timestamp": 1654396779883, "tick_direction": 3, "price": 0.001, "mark_price": 0.00151205, "iv": 87.38, "instrument_name": "BTC-30DEC22-200000-C", "index_price": 29759.47, "direction": "sell", "amount": 0.1}, {"trade_seq": 479, "trade_id": "216783219", "timestamp": 1654396775816, "tick_direction": 3, "price": 0.001, "mark_price": 0.00151113, "iv": 87.38, "instrument_name": "BTC-30DEC22-200000-C", "index_price": 29759.25, "direction": "sell", "amount": 0.1}, {"trade_seq": 478, "trade_id": "216783218", "timestamp": 1654396773792, "tick_direction": 3, "price": 0.001, "mark_price": 0.00151069, "iv": 87.38, "instrument_name": "BTC-30DEC22-200000-C", "index_price": 29759.62, "direction": "sell", "amount": 0.1}, {"trade_seq": 477, "trade_id": "216783217", "timestamp": 1654396769746, "tick_direction": 3, "price": 0.001, "mark_price": 0.00150989, "iv": 87.38, "instrument_name": "BTC-30DEC22-200000-C", "index_price": 29759.89, "direction": "sell", "amount": 0.1}, {"trade_seq": 476, "trade_id": "216783216", "timestamp": 1654396767747, "tick_direction": 3, "price": 0.001, "mark_price": 0.00150944, "iv": 87.38, "instrument_name": "BTC-30DEC22-200000-C", "index_price": 29759.97, "direction": "sell", "amount": 0.1}, {"trade_seq": 475, "trade_id": "216783215", "timestamp": 1654396763709, "tick_direction": 3, "price": 0.001, "mark_price": 0.00150871, "iv": 87.38, "instrument_name": "BTC-30DEC22-200000-C", "index_price": 29760.07, "direction": "sell", "amount": 0.1}, {"trade_seq": 474, "trade_id": "216783214", "timestamp": 1654396761662, "tick_direction": 3, "price": 0.001, "mark_price": 0.00150826, "iv": 87.38, "instrument_name": "BTC-30DEC22-200000-C", "index_price": 29760.7, "direction": "sell", "amount": 0.1}, {"trade_seq": 473, "trade_id": "216783213", "timestamp": 1654396757621, "tick_direction": 3, "price": 0.001, "mark_price": 0.00150738, "iv": 87.38, "instrument_name": "BTC-30DEC22-200000-C", "index_price": 29760.33, "direction": "sell", "amount": 0.1}, {"trade_seq": 472, "trade_id": "216783212", "timestamp": 1654396753573, "tick_direction": 3, "price": 0.001, "mark_price": 0.00150648, "iv": 87.38, "instrument_name": "BTC-30DEC22-200000-C", "index_price": 29760.3, "direction": "sell", "amount": 0.1}, {"trade_seq": 471, "trade_id": "216783072", "timestamp": 1654395971570, "tick_direction": 3, "price": 0.001, "mark_price": 0.0013198, "iv": 87.35, "instrument_name": "BTC-30DEC22-200000-C", "index_price": 29774.37, "direction": "sell", "amount": 0.1}, {"trade_seq": 470, "trade_id": "216783040", "timestamp": 1654395852350, "tick_direction": 3, "price": 0.001, "mark_price": 0.00133352, "iv": 87.36, "instrument_name": "BTC-30DEC22-200000-C", "index_price": 29764.6, "direction": "sell", "amount": 0.1}, {"trade_seq": 469, "trade_id": "216782971", "timestamp": 1654395818010, "tick_direction": 3, "price": 0.001, "mark_price": 0.00133819, "iv": 87.36, "instrument_name": "BTC-30DEC22-200000-C", "index_price": 29757.96, "direction": "sell", "amount": 0.1}, {"trade_seq": 468, "trade_id": "216782953", "timestamp": 1654395799814, "tick_direction": 3, "price": 0.001, "mark_price": 0.00134116, "iv": 87.36, "instrument_name": "BTC-30DEC22-200000-C", "index_price": 29758.04, "direction": "sell", "amount": 0.1}, {"trade_seq": 467, "trade_id": "216782923", "timestamp": 1654395783648, "tick_direction": 3, "price": 0.001, "mark_price": 0.00134293, "iv": 87.37, "instrument_name": "BTC-30DEC22-200000-C", "index_price": 29758.91, "direction": "sell", "amount": 0.1}, {"trade_seq": 466, "trade_id": "216782907", "timestamp": 1654395765438, "tick_direction": 3, "price": 0.001, "mark_price": 0.00134571, "iv": 87.37, "instrument_name": "BTC-30DEC22-200000-C", "index_price": 29759.12, "direction": "sell", "amount": 0.1}, {"trade_seq": 465, "trade_id": "216782870", "timestamp": 1654395749268, "tick_direction": 3, "price": 0.001, "mark_price": 0.001349, "iv": 87.37, "instrument_name": "BTC-30DEC22-200000-C", "index_price": 29761.93, "direction": "sell", "amount": 0.1}, {"trade_seq": 464, "trade_id": "216782842", "timestamp": 1654395729054, "tick_direction": 3, "price": 0.001, "mark_price": 0.00135235, "iv": 87.37, "instrument_name": "BTC-30DEC22-200000-C", "index_price": 29759.67, "direction": "sell", "amount": 0.1}, {"trade_seq": 463, "trade_id": "216782727", "timestamp": 1654395668451, "tick_direction": 3, "price": 0.001, "mark_price": 0.00136417, "iv": 87.37, "instrument_name": "BTC-30DEC22-200000-C", "index_price": 29761.22, "direction": "sell", "amount": 0.1}, {"trade_seq": 462, "trade_id": "216782685", "timestamp": 1654395644199, "tick_direction": 3, "price": 0.001, "mark_price": 0.00136942, "iv": 87.37, "instrument_name": "BTC-30DEC22-200000-C", "index_price": 29763.85, "direction": "sell", "amount": 0.1}, {"trade_seq": 461, "trade_id": "216782678", "timestamp": 1654395628036, "tick_direction": 3, "price": 0.001, "mark_price": 0.00137304, "iv": 87.37, "instrument_name": "BTC-30DEC22-200000-C", "index_price": 29764.47, "direction": "sell", "amount": 0.1}, {"trade_seq": 460, "trade_id": "216782667", "timestamp": 1654395601757, "tick_direction": 3, "price": 0.001, "mark_price": 0.00137928, "iv": 87.37, "instrument_name": "BTC-30DEC22-200000-C", "index_price": 29763.04, "direction": "sell", "amount": 0.1}, {"trade_seq": 459, "trade_id": "216782650", "timestamp": 1654395573457, "tick_direction": 3, "price": 0.001, "mark_price": 0.00138626, "iv": 87.37, "instrument_name": "BTC-30DEC22-200000-C", "index_price": 29764.04, "direction": "sell", "amount": 0.1}, {"trade_seq": 458, "trade_id": "216782644", "timestamp": 1654395555281, "tick_direction": 3, "price": 0.001, "mark_price": 0.00139102, "iv": 87.37, "instrument_name": "BTC-30DEC22-200000-C", "index_price": 29764.77, "direction": "sell", "amount": 0.1}, {"trade_seq": 457, "trade_id": "216782638", "timestamp": 1654395537104, "tick_direction": 3, "price": 0.001, "mark_price": 0.00139587, "iv": 87.37, "instrument_name": "BTC-30DEC22-200000-C", "index_price": 29764.65, "direction": "sell", "amount": 0.1}, {"trade_seq": 456, "trade_id": "216782636", "timestamp": 1654395524969, "tick_direction": 3, "price": 0.001, "mark_price": 0.00139925, "iv": 87.37, "instrument_name": "BTC-30DEC22-200000-C", "index_price": 29764.61, "direction": "sell", "amount": 0.1}, {"trade_seq": 455, "trade_id": "216782635", "timestamp": 1654395514878, "tick_direction": 3, "price": 0.001, "mark_price": 0.0014021, "iv": 87.37, "instrument_name": "BTC-30DEC22-200000-C", "index_price": 29764.55, "direction": "sell", "amount": 0.1}, {"trade_seq": 454, "trade_id": "216782629", "timestamp": 1654395504759, "tick_direction": 3, "price": 0.001, "mark_price": 0.00140497, "iv": 87.37, "instrument_name": "BTC-30DEC22-200000-C", "index_price": 29764.38, "direction": "sell", "amount": 0.1}, {"trade_seq": 453, "trade_id": "216782627", "timestamp": 1654395494656, "tick_direction": 3, "price": 0.001, "mark_price": 0.00140831, "iv": 87.37, "instrument_name": "BTC-30DEC22-200000-C", "index_price": 29764.52, "direction": "sell", "amount": 0.1}, {"trade_seq": 452, "trade_id": "216782625", "timestamp": 1654395486578, "tick_direction": 3, "price": 0.001, "mark_price": 0.00141075, "iv": 87.37, "instrument_name": "BTC-30DEC22-200000-C", "index_price": 29764.5, "direction": "sell", "amount": 0.1}, {"trade_seq": 451, "trade_id": "216782624", "timestamp": 1654395478490, "tick_direction": 3, "price": 0.001, "mark_price": 0.00141317, "iv": 87.37, "instrument_name": "BTC-30DEC22-200000-C", "index_price": 29764.43, "direction": "sell", "amount": 0.1}, {"trade_seq": 450, "trade_id": "216782621", "timestamp": 1654395472437, "tick_direction": 3, "price": 0.001, "mark_price": 0.00141513, "iv": 87.37, "instrument_name": "BTC-30DEC22-200000-C", "index_price": 29764.25, "direction": "sell", "amount": 0.1}, {"trade_seq": 449, "trade_id": "216782620", "timestamp": 1654395464344, "tick_direction": 3, "price": 0.001, "mark_price": 0.00141766, "iv": 87.37, "instrument_name": "BTC-30DEC22-200000-C", "index_price": 29764.18, "direction": "sell", "amount": 0.1}, {"trade_seq": 448, "trade_id": "216782618", "timestamp": 1654395456253, "tick_direction": 3, "price": 0.001, "mark_price": 0.00142031, "iv": 87.37, "instrument_name": "BTC-30DEC22-200000-C", "index_price": 29764.0, "direction": "sell", "amount": 0.1}, {"trade_seq": 447, "trade_id": "216782617", "timestamp": 1654395452239, "tick_direction": 3, "price": 0.001, "mark_price": 0.00142175, "iv": 87.37, "instrument_name": "BTC-30DEC22-200000-C", "index_price": 29764.9, "direction": "sell", "amount": 0.1}, {"trade_seq": 446, "trade_id": "216782611", "timestamp": 1654395444123, "tick_direction": 3, "price": 0.001, "mark_price": 0.00142429, "iv": 87.37, "instrument_name": "BTC-30DEC22-200000-C", "index_price": 29764.17, "direction": "sell", "amount": 0.1}, {"trade_seq": 445, "trade_id": "216782607", "timestamp": 1654395436057, "tick_direction": 3, "price": 0.001, "mark_price": 0.00142698, "iv": 87.37, "instrument_name": "BTC-30DEC22-200000-C", "index_price": 29764.2, "direction": "sell", "amount": 0.1}, {"trade_seq": 444, "trade_id": "216782606", "timestamp": 1654395432030, "tick_direction": 3, "price": 0.001, "mark_price": 0.00142839, "iv": 87.37, "instrument_name": "BTC-30DEC22-200000-C", "index_price": 29764.12, "direction": "sell", "amount": 0.1}, {"trade_seq": 443, "trade_id": "216782604", "timestamp": 1654395427145, "tick_direction": 3, "price": 0.001, "mark_price": 0.0014305, "iv": 87.36, "instrument_name": "BTC-30DEC22-200000-C", "index_price": 29765.31, "direction": "sell", "amount": 0.1}, {"trade_seq": 442, "trade_id": "216782599", "timestamp": 1654395421900, "tick_direction": 3, "price": 0.001, "mark_price": 0.00143175, "iv": 87.37, "instrument_name": "BTC-30DEC22-200000-C", "index_price": 29762.64, "direction": "sell", "amount": 0.1}, {"trade_seq": 441, "trade_id": "216782597", "timestamp": 1654395415838, "tick_direction": 3, "price": 0.001, "mark_price": 0.00143386, "iv": 87.37, "instrument_name": "BTC-30DEC22-200000-C", "index_price": 29762.52, "direction": "sell", "amount": 0.1}, {"trade_seq": 440, "trade_id": "216782592", "timestamp": 1654395409812, "tick_direction": 3, "price": 0.001, "mark_price": 0.00143601, "iv": 87.37, "instrument_name": "BTC-30DEC22-200000-C", "index_price": 29762.58, "direction": "sell", "amount": 0.1}, {"trade_seq": 439, "trade_id": "216782590", "timestamp": 1654395405745, "tick_direction": 3, "price": 0.001, "mark_price": 0.0014374, "iv": 87.37, "instrument_name": "BTC-30DEC22-200000-C", "index_price": 29762.59, "direction": "sell", "amount": 0.1}, {"trade_seq": 438, "trade_id": "216782587", "timestamp": 1654395399673, "tick_direction": 3, "price": 0.001, "mark_price": 0.0014396, "iv": 87.37, "instrument_name": "BTC-30DEC22-200000-C", "index_price": 29762.97, "direction": "sell", "amount": 0.1}, {"trade_seq": 437, "trade_id": "216782585", "timestamp": 1654395395633, "tick_direction": 3, "price": 0.001, "mark_price": 0.00144101, "iv": 87.37, "instrument_name": "BTC-30DEC22-200000-C", "index_price": 29762.97, "direction": "sell", "amount": 0.1}, {"trade_seq": 436, "trade_id": "216782584", "timestamp": 1654395391630, "tick_direction": 3, "price": 0.001, "mark_price": 0.00144259, "iv": 87.37, "instrument_name": "BTC-30DEC22-200000-C", "index_price": 29763.04, "direction": "sell", "amount": 0.1}, {"trade_seq": 435, "trade_id": "216782579", "timestamp": 1654395385540, "tick_direction": 3, "price": 0.001, "mark_price": 0.00144528, "iv": 87.37, "instrument_name": "BTC-30DEC22-200000-C", "index_price": 29763.32, "direction": "sell", "amount": 0.1}, {"trade_seq": 434, "trade_id": "216782575", "timestamp": 1654395381505, "tick_direction": 3, "price": 0.001, "mark_price": 0.00144681, "iv": 87.37, "instrument_name": "BTC-30DEC22-200000-C", "index_price": 29763.7, "direction": "sell", "amount": 0.1}, {"trade_seq": 433, "trade_id": "216782573", "timestamp": 1654395375434, "tick_direction": 3, "price": 0.001, "mark_price": 0.00144911, "iv": 87.37, "instrument_name": "BTC-30DEC22-200000-C", "index_price": 29763.76, "direction": "sell", "amount": 0.1}, {"trade_seq": 432, "trade_id": "216782572", "timestamp": 1654395373423, "tick_direction": 3, "price": 0.001, "mark_price": 0.00145001, "iv": 87.37, "instrument_name": "BTC-30DEC22-200000-C", "index_price": 29764.67, "direction": "sell", "amount": 0.1}, {"trade_seq": 431, "trade_id": "216782569", "timestamp": 1654395367396, "tick_direction": 3, "price": 0.001, "mark_price": 0.00145224, "iv": 87.37, "instrument_name": "BTC-30DEC22-200000-C", "index_price": 29764.24, "direction": "sell", "amount": 0.1}, {"trade_seq": 430, "trade_id": "216782566", "timestamp": 1654395365332, "tick_direction": 3, "price": 0.001, "mark_price": 0.00145312, "iv": 87.37, "instrument_name": "BTC-30DEC22-200000-C", "index_price": 29764.3, "direction": "sell", "amount": 0.1}, {"trade_seq": 429, "trade_id": "216782562", "timestamp": 1654395359272, "tick_direction": 3, "price": 0.001, "mark_price": 0.00145552, "iv": 87.37, "instrument_name": "BTC-30DEC22-200000-C", "index_price": 29764.94, "direction": "sell", "amount": 0.1}, {"trade_seq": 428, "trade_id": "216782558", "timestamp": 1654395355252, "tick_direction": 3, "price": 0.001, "mark_price": 0.00145728, "iv": 87.37, "instrument_name": "BTC-30DEC22-200000-C", "index_price": 29765.53, "direction": "sell", "amount": 0.1}, {"trade_seq": 427, "trade_id": "216782557", "timestamp": 1654395353212, "tick_direction": 3, "price": 0.001, "mark_price": 0.00145816, "iv": 87.37, "instrument_name": "BTC-30DEC22-200000-C", "index_price": 29765.59, "direction": "sell", "amount": 0.1}, {"trade_seq": 426, "trade_id": "216782556", "timestamp": 1654395349193, "tick_direction": 3, "price": 0.001, "mark_price": 0.0014599, "iv": 87.37, "instrument_name": "BTC-30DEC22-200000-C", "index_price": 29765.82, "direction": "sell", "amount": 0.1}, {"trade_seq": 425, "trade_id": "216782553", "timestamp": 1654395342855, "tick_direction": 3, "price": 0.001, "mark_price": 0.00146238, "iv": 87.37, "instrument_name": "BTC-30DEC22-200000-C", "index_price": 29766.58, "direction": "sell", "amount": 0.1}, {"trade_seq": 424, "trade_id": "216782552", "timestamp": 1654395337073, "tick_direction": 3, "price": 0.001, "mark_price": 0.00146492, "iv": 87.37, "instrument_name": "BTC-30DEC22-200000-C", "index_price": 29766.35, "direction": "sell", "amount": 0.1}, {"trade_seq": 423, "trade_id": "216782550", "timestamp": 1654395335023, "tick_direction": 3, "price": 0.001, "mark_price": 0.00146584, "iv": 87.37, "instrument_name": "BTC-30DEC22-200000-C", "index_price": 29766.02, "direction": "sell", "amount": 0.1}, {"trade_seq": 422, "trade_id": "216782549", "timestamp": 1654395330977, "tick_direction": 3, "price": 0.001, "mark_price": 0.00146756, "iv": 87.37, "instrument_name": "BTC-30DEC22-200000-C", "index_price": 29765.54, "direction": "sell", "amount": 0.1}, {"trade_seq": 421, "trade_id": "216782546", "timestamp": 1654395324919, "tick_direction": 3, "price": 0.001, "mark_price": 0.00147023, "iv": 87.37, "instrument_name": "BTC-30DEC22-200000-C", "index_price": 29765.61, "direction": "sell", "amount": 0.1}, {"trade_seq": 420, "trade_id": "216782543", "timestamp": 1654395322890, "tick_direction": 3, "price": 0.001, "mark_price": 0.00147122, "iv": 87.37, "instrument_name": "BTC-30DEC22-200000-C", "index_price": 29765.7, "direction": "sell", "amount": 0.1}, {"trade_seq": 419, "trade_id": "216782542", "timestamp": 1654395318283, "tick_direction": 3, "price": 0.001, "mark_price": 0.00147392, "iv": 87.36, "instrument_name": "BTC-30DEC22-200000-C", "index_price": 29766.82, "direction": "sell", "amount": 0.1}, {"trade_seq": 418, "trade_id": "216782517", "timestamp": 1654395305723, "tick_direction": 3, "price": 0.001, "mark_price": 0.00148026, "iv": 87.36, "instrument_name": "BTC-30DEC22-200000-C", "index_price": 29767.16, "direction": "sell", "amount": 0.1}, {"trade_seq": 417, "trade_id": "216782501", "timestamp": 1654395305608, "tick_direction": 3, "price": 0.001, "mark_price": 0.00148026, "iv": 87.36, "instrument_name": "BTC-30DEC22-200000-C", "index_price": 29767.16, "direction": "sell", "amount": 0.1}, {"trade_seq": 416, "trade_id": "216782440", "timestamp": 1654395304380, "tick_direction": 3, "price": 0.001, "mark_price": 0.00148117, "iv": 87.36, "instrument_name": "BTC-30DEC22-200000-C", "index_price": 29767.17, "direction": "sell", "amount": 0.1}, {"trade_seq": 415, "trade_id": "216782436", "timestamp": 1654395302355, "tick_direction": 3, "price": 0.001, "mark_price": 0.00148207, "iv": 87.36, "instrument_name": "BTC-30DEC22-200000-C", "index_price": 29767.25, "direction": "sell", "amount": 0.1}, {"trade_seq": 414, "trade_id": "216782433", "timestamp": 1654395300331, "tick_direction": 3, "price": 0.001, "mark_price": 0.00148298, "iv": 87.36, "instrument_name": "BTC-30DEC22-200000-C", "index_price": 29767.11, "direction": "sell", "amount": 0.1}, {"trade_seq": 413, "trade_id": "216782429", "timestamp": 1654395298332, "tick_direction": 3, "price": 0.001, "mark_price": 0.001484, "iv": 87.36, "instrument_name": "BTC-30DEC22-200000-C", "index_price": 29767.21, "direction": "sell", "amount": 0.1}, {"trade_seq": 412, "trade_id": "216778526", "timestamp": 1654384283852, "tick_direction": 3, "price": 0.001, "mark_price": 0.00143697, "iv": 87.28, "instrument_name": "BTC-30DEC22-200000-C", "index_price": 29794.29, "direction": "sell", "amount": 0.1}, {"trade_seq": 411, "trade_id": "216778524", "timestamp": 1654384269588, "tick_direction": 3, "price": 0.001, "mark_price": 0.00143782, "iv": 87.28, "instrument_name": "BTC-30DEC22-200000-C", "index_price": 29792.18, "direction": "sell", "amount": 0.1}, {"trade_seq": 410, "trade_id": "216778523", "timestamp": 1654384269109, "tick_direction": 3, "price": 0.001, "mark_price": 0.00143782, "iv": 87.28, "instrument_name": "BTC-30DEC22-200000-C", "index_price": 29793.04, "direction": "sell", "amount": 0.1}, {"trade_seq": 409, "trade_id": "216778520", "timestamp": 1654384261158, "tick_direction": 3, "price": 0.001, "mark_price": 0.00143684, "iv": 87.28, "instrument_name": "BTC-30DEC22-200000-C", "index_price": 29785.37, "direction": "sell", "amount": 0.1}, {"trade_seq": 408, "trade_id": "216778513", "timestamp": 1654384250946, "tick_direction": 3, "price": 0.001, "mark_price": 0.00143654, "iv": 87.29, "instrument_name": "BTC-30DEC22-200000-C", "index_price": 29781.95, "direction": "sell", "amount": 0.1}, {"trade_seq": 407, "trade_id": "216778512", "timestamp": 1654384240837, "tick_direction": 3, "price": 0.001, "mark_price": 0.00143665, "iv": 87.29, "instrument_name": "BTC-30DEC22-200000-C", "index_price": 29779.52, "direction": "sell", "amount": 0.1}, {"trade_seq": 406, "trade_id": "216715890", "timestamp": 1654265289722, "tick_direction": 3, "price": 0.001, "mark_price": 0.00122963, "iv": 87.15, "instrument_name": "BTC-30DEC22-200000-C", "index_price": 29660.57, "direction": "sell", "amount": 0.1}, {"trade_seq": 405, "trade_id": "216715883", "timestamp": 1654265289582, "tick_direction": 3, "price": 0.001, "mark_price": 0.00122963, "iv": 87.15, "instrument_name": "BTC-30DEC22-200000-C", "index_price": 29660.57, "direction": "sell", "amount": 0.1}, {"trade_seq": 404, "trade_id": "216715877", "timestamp": 1654265289428, "tick_direction": 3, "price": 0.001, "mark_price": 0.00122963, "iv": 87.15, "instrument_name": "BTC-30DEC22-200000-C", "index_price": 29660.57, "direction": "sell", "amount": 0.1}, {"trade_seq": 403, "trade_id": "216715876", "timestamp": 1654265289159, "tick_direction": 3, "price": 0.001, "mark_price": 0.00122963, "iv": 87.15, "instrument_name": "BTC-30DEC22-200000-C", "index_price": 29660.57, "direction": "sell", "amount": 0.1}, {"trade_seq": 402, "trade_id": "216715873", "timestamp": 1654265287249, "tick_direction": 3, "price": 0.001, "mark_price": 0.00122994, "iv": 87.15, "instrument_name": "BTC-30DEC22-200000-C", "index_price": 29664.09, "direction": "sell", "amount": 0.1}, {"trade_seq": 401, "trade_id": "216715865", "timestamp": 1654265272378, "tick_direction": 3, "price": 0.001, "mark_price": 0.00123058, "iv": 87.14, "instrument_name": "BTC-30DEC22-200000-C", "index_price": 29668.84, "direction": "sell", "amount": 0.1}, {"trade_seq": 400, "trade_id": "216715860", "timestamp": 1654265263455, "tick_direction": 3, "price": 0.001, "mark_price": 0.00123073, "iv": 87.14, "instrument_name": "BTC-30DEC22-200000-C", "index_price": 29672.16, "direction": "sell", "amount": 0.1}, {"trade_seq": 399, "trade_id": "216715852", "timestamp": 1654265259873, "tick_direction": 3, "price": 0.001, "mark_price": 0.00123058, "iv": 87.14, "instrument_name": "BTC-30DEC22-200000-C", "index_price": 29668.47, "direction": "sell", "amount": 0.1}, {"trade_seq": 398, "trade_id": "216715851", "timestamp": 1654265250845, "tick_direction": 3, "price": 0.001, "mark_price": 0.0012324, "iv": 87.14, "instrument_name": "BTC-30DEC22-200000-C", "index_price": 29672.56, "direction": "sell", "amount": 0.1}, {"trade_seq": 397, "trade_id": "216715850", "timestamp": 1654265250034, "tick_direction": 3, "price": 0.001, "mark_price": 0.00123256, "iv": 87.13, "instrument_name": "BTC-30DEC22-200000-C", "index_price": 29677.23, "direction": "sell", "amount": 0.1}, {"trade_seq": 396, "trade_id": "216715849", "timestamp": 1654265249716, "tick_direction": 3, "price": 0.001, "mark_price": 0.00123273, "iv": 87.13, "instrument_name": "BTC-30DEC22-200000-C", "index_price": 29679.71, "direction": "sell", "amount": 0.1}, {"trade_seq": 395, "trade_id": "216715841", "timestamp": 1654265248170, "tick_direction": 3, "price": 0.001, "mark_price": 0.00123221, "iv": 87.13, "instrument_name": "BTC-30DEC22-200000-C", "index_price": 29680.77, "direction": "sell", "amount": 0.1}, {"trade_seq": 394, "trade_id": "216715840", "timestamp": 1654265247566, "tick_direction": 3, "price": 0.001, "mark_price": 0.00123218, "iv": 87.13, "instrument_name": "BTC-30DEC22-200000-C", "index_price": 29681.77, "direction": "sell", "amount": 0.1}, {"trade_seq": 393, "trade_id": "216715837", "timestamp": 1654265245552, "tick_direction": 3, "price": 0.001, "mark_price": 0.00123239, "iv": 87.13, "instrument_name": "BTC-30DEC22-200000-C", "index_price": 29678.66, "direction": "sell", "amount": 0.1}, {"trade_seq": 392, "trade_id": "216715836", "timestamp": 1654265241925, "tick_direction": 3, "price": 0.001, "mark_price": 0.00123188, "iv": 87.13, "instrument_name": "BTC-30DEC22-200000-C", "index_price": 29680.26, "direction": "sell", "amount": 0.1}, {"trade_seq": 391, "trade_id": "216715796", "timestamp": 1654265234851, "tick_direction": 3, "price": 0.001, "mark_price": 0.00122864, "iv": 87.16, "instrument_name": "BTC-30DEC22-200000-C", "index_price": 29654.74, "direction": "sell", "amount": 0.1}, {"trade_seq": 390, "trade_id": "216715790", "timestamp": 1654265234697, "tick_direction": 3, "price": 0.001, "mark_price": 0.00122883, "iv": 87.15, "instrument_name": "BTC-30DEC22-200000-C", "index_price": 29655.49, "direction": "sell", "amount": 0.1}, {"trade_seq": 389, "trade_id": "216715772", "timestamp": 1654265221837, "tick_direction": 3, "price": 0.001, "mark_price": 0.00122487, "iv": 87.18, "instrument_name": "BTC-30DEC22-200000-C", "index_price": 29634.29, "direction": "sell", "amount": 0.1}, {"trade_seq": 388, "trade_id": "216715757", "timestamp": 1654265211396, "tick_direction": 3, "price": 0.001, "mark_price": 0.00122693, "iv": 87.17, "instrument_name": "BTC-30DEC22-200000-C", "index_price": 29640.65, "direction": "sell", "amount": 0.1}, {"trade_seq": 387, "trade_id": "216715756", "timestamp": 1654265211296, "tick_direction": 3, "price": 0.001, "mark_price": 0.00122693, "iv": 87.17, "instrument_name": "BTC-30DEC22-200000-C", "index_price": 29640.65, "direction": "sell", "amount": 0.1}, {"trade_seq": 386, "trade_id": "216715667", "timestamp": 1654265203779, "tick_direction": 3, "price": 0.001, "mark_price": 0.00122591, "iv": 87.17, "instrument_name": "BTC-30DEC22-200000-C", "index_price": 29628.96, "direction": "sell", "amount": 0.1}, {"trade_seq": 385, "trade_id": "216715664", "timestamp": 1654265203073, "tick_direction": 3, "price": 0.001, "mark_price": 0.00122589, "iv": 87.17, "instrument_name": "BTC-30DEC22-200000-C", "index_price": 29630.1, "direction": "sell", "amount": 0.1}, {"trade_seq": 384, "trade_id": "216715652", "timestamp": 1654265194962, "tick_direction": 3, "price": 0.001, "mark_price": 0.00122635, "iv": 87.17, "instrument_name": "BTC-30DEC22-200000-C", "index_price": 29624.44, "direction": "sell", "amount": 0.1}, {"trade_seq": 383, "trade_id": "216715651", "timestamp": 1654265193873, "tick_direction": 3, "price": 0.001, "mark_price": 0.00122636, "iv": 87.17, "instrument_name": "BTC-30DEC22-200000-C", "index_price": 29625.36, "direction": "sell", "amount": 0.1}, {"trade_seq": 382, "trade_id": "216715643", "timestamp": 1654265190918, "tick_direction": 3, "price": 0.001, "mark_price": 0.00122449, "iv": 87.18, "instrument_name": "BTC-30DEC22-200000-C", "index_price": 29612.68, "direction": "sell", "amount": 0.1}, {"trade_seq": 381, "trade_id": "216715639", "timestamp": 1654265182905, "tick_direction": 3, "price": 0.001, "mark_price": 0.00122345, "iv": 87.19, "instrument_name": "BTC-30DEC22-200000-C", "index_price": 29608.48, "direction": "sell", "amount": 0.1}, {"trade_seq": 380, "trade_id": "216715630", "timestamp": 1654265173116, "tick_direction": 3, "price": 0.001, "mark_price": 0.00122465, "iv": 87.18, "instrument_name": "BTC-30DEC22-200000-C", "index_price": 29612.8, "direction": "sell", "amount": 0.1}, {"trade_seq": 379, "trade_id": "216715439", "timestamp": 1654265114678, "tick_direction": 3, "price": 0.001, "mark_price": 0.00122984, "iv": 87.14, "instrument_name": "BTC-30DEC22-200000-C", "index_price": 29637.76, "direction": "sell", "amount": 0.1}, {"trade_seq": 378, "trade_id": "216715438", "timestamp": 1654265114547, "tick_direction": 3, "price": 0.001, "mark_price": 0.00122984, "iv": 87.14, "instrument_name": "BTC-30DEC22-200000-C", "index_price": 29637.76, "direction": "sell", "amount": 0.1}, {"trade_seq": 377, "trade_id": "216715427", "timestamp": 1654265114286, "tick_direction": 3, "price": 0.001, "mark_price": 0.00123054, "iv": 87.14, "instrument_name": "BTC-30DEC22-200000-C", "index_price": 29637.76, "direction": "sell", "amount": 0.1}, {"trade_seq": 376, "trade_id": "216715415", "timestamp": 1654265109364, "tick_direction": 3, "price": 0.001, "mark_price": 0.00123174, "iv": 87.12, "instrument_name": "BTC-30DEC22-200000-C", "index_price": 29646.56, "direction": "sell", "amount": 0.1}, {"trade_seq": 375, "trade_id": "216715414", "timestamp": 1654265109120, "tick_direction": 3, "price": 0.001, "mark_price": 0.00123198, "iv": 87.12, "instrument_name": "BTC-30DEC22-200000-C", "index_price": 29646.56, "direction": "sell", "amount": 0.1}, {"trade_seq": 374, "trade_id": "216715388", "timestamp": 1654265101110, "tick_direction": 3, "price": 0.001, "mark_price": 0.00123365, "iv": 87.12, "instrument_name": "BTC-30DEC22-200000-C", "index_price": 29653.88, "direction": "sell", "amount": 0.1}, {"trade_seq": 373, "trade_id": "216715387", "timestamp": 1654265100999, "tick_direction": 3, "price": 0.001, "mark_price": 0.00123365, "iv": 87.12, "instrument_name": "BTC-30DEC22-200000-C", "index_price": 29653.88, "direction": "sell", "amount": 0.1}, {"trade_seq": 372, "trade_id": "216715378", "timestamp": 1654265099101, "tick_direction": 3, "price": 0.001, "mark_price": 0.00123387, "iv": 87.11, "instrument_name": "BTC-30DEC22-200000-C", "index_price": 29658.87, "direction": "sell", "amount": 0.1}, {"trade_seq": 371, "trade_id": "216715377", "timestamp": 1654265092602, "tick_direction": 3, "price": 0.001, "mark_price": 0.00123485, "iv": 87.1, "instrument_name": "BTC-30DEC22-200000-C", "index_price": 29663.81, "direction": "sell", "amount": 0.1}, {"trade_seq": 370, "trade_id": "216715361", "timestamp": 1654265092179, "tick_direction": 3, "price": 0.001, "mark_price": 0.00123488, "iv": 87.1, "instrument_name": "BTC-30DEC22-200000-C", "index_price": 29663.81, "direction": "sell", "amount": 0.1}, {"trade_seq": 369, "trade_id": "216715360", "timestamp": 1654265089214, "tick_direction": 3, "price": 0.001, "mark_price": 0.00123498, "iv": 87.1, "instrument_name": "BTC-30DEC22-200000-C", "index_price": 29664.03, "direction": "sell", "amount": 0.1}, {"trade_seq": 368, "trade_id": "216715316", "timestamp": 1654265064642, "tick_direction": 3, "price": 0.001, "mark_price": 0.0012352, "iv": 87.1, "instrument_name": "BTC-30DEC22-200000-C", "index_price": 29662.4, "direction": "sell", "amount": 0.1}, {"trade_seq": 367, "trade_id": "216715313", "timestamp": 1654265064396, "tick_direction": 3, "price": 0.001, "mark_price": 0.0012352, "iv": 87.1, "instrument_name": "BTC-30DEC22-200000-C", "index_price": 29663.97, "direction": "sell", "amount": 0.1}, {"trade_seq": 366, "trade_id": "216715310", "timestamp": 1654265060047, "tick_direction": 3, "price": 0.001, "mark_price": 0.00123576, "iv": 87.1, "instrument_name": "BTC-30DEC22-200000-C", "index_price": 29664.48, "direction": "sell", "amount": 0.1}, {"trade_seq": 365, "trade_id": "216715294", "timestamp": 1654265048689, "tick_direction": 3, "price": 0.001, "mark_price": 0.00123557, "iv": 87.1, "instrument_name": "BTC-30DEC22-200000-C", "index_price": 29656.7, "direction": "sell", "amount": 0.1}, {"trade_seq": 364, "trade_id": "216715293", "timestamp": 1654265048673, "tick_direction": 3, "price": 0.001, "mark_price": 0.00123557, "iv": 87.1, "instrument_name": "BTC-30DEC22-200000-C", "index_price": 29656.7, "direction": "sell", "amount": 0.1}, {"trade_seq": 363, "trade_id": "216715270", "timestamp": 1654265043613, "tick_direction": 3, "price": 0.001, "mark_price": 0.00123801, "iv": 87.1, "instrument_name": "BTC-30DEC22-200000-C", "index_price": 29671.3, "direction": "sell", "amount": 0.1}, {"trade_seq": 362, "trade_id": "216715244", "timestamp": 1654265032509, "tick_direction": 3, "price": 0.001, "mark_price": 0.00124107, "iv": 87.07, "instrument_name": "BTC-30DEC22-200000-C", "index_price": 29689.31, "direction": "sell", "amount": 0.1}, {"trade_seq": 361, "trade_id": "216715243", "timestamp": 1654265032472, "tick_direction": 3, "price": 0.001, "mark_price": 0.00124107, "iv": 87.07, "instrument_name": "BTC-30DEC22-200000-C", "index_price": 29689.31, "direction": "sell", "amount": 0.1}, {"trade_seq": 360, "trade_id": "216715238", "timestamp": 1654265031795, "tick_direction": 3, "price": 0.001, "mark_price": 0.00124108, "iv": 87.06, "instrument_name": "BTC-30DEC22-200000-C", "index_price": 29695.01, "direction": "sell", "amount": 0.1}, {"trade_seq": 359, "trade_id": "216715227", "timestamp": 1654265027340, "tick_direction": 3, "price": 0.001, "mark_price": 0.00124231, "iv": 87.06, "instrument_name": "BTC-30DEC22-200000-C", "index_price": 29700.14, "direction": "sell", "amount": 0.1}, {"trade_seq": 358, "trade_id": "216715226", "timestamp": 1654265025729, "tick_direction": 3, "price": 0.001, "mark_price": 0.00124233, "iv": 87.06, "instrument_name": "BTC-30DEC22-200000-C", "index_price": 29701.45, "direction": "sell", "amount": 0.1}, {"trade_seq": 357, "trade_id": "216715225", "timestamp": 1654265016705, "tick_direction": 3, "price": 0.001, "mark_price": 0.00124291, "iv": 87.06, "instrument_name": "BTC-30DEC22-200000-C", "index_price": 29701.82, "direction": "sell", "amount": 0.1}, {"trade_seq": 356, "trade_id": "216715219", "timestamp": 1654265006643, "tick_direction": 3, "price": 0.001, "mark_price": 0.00124265, "iv": 87.06, "instrument_name": "BTC-30DEC22-200000-C", "index_price": 29700.87, "direction": "sell", "amount": 0.1}, {"trade_seq": 355, "trade_id": "216715213", "timestamp": 1654265000697, "tick_direction": 3, "price": 0.001, "mark_price": 0.00124442, "iv": 87.05, "instrument_name": "BTC-30DEC22-200000-C", "index_price": 29710.57, "direction": "sell", "amount": 0.1}, {"trade_seq": 354, "trade_id": "216715210", "timestamp": 1654264995027, "tick_direction": 3, "price": 0.001, "mark_price": 0.00124409, "iv": 87.05, "instrument_name": "BTC-30DEC22-200000-C", "index_price": 29711.26, "direction": "sell", "amount": 0.1}, {"trade_seq": 353, "trade_id": "216715208", "timestamp": 1654264994000, "tick_direction": 3, "price": 0.001, "mark_price": 0.00124387, "iv": 87.05, "instrument_name": "BTC-30DEC22-200000-C", "index_price": 29707.53, "direction": "sell", "amount": 0.1}, {"trade_seq": 352, "trade_id": "216714461", "timestamp": 1654264700869, "tick_direction": 3, "price": 0.001, "mark_price": 0.00123663, "iv": 87.14, "instrument_name": "BTC-30DEC22-200000-C", "index_price": 29655.51, "direction": "sell", "amount": 0.1}, {"trade_seq": 351, "trade_id": "216714453", "timestamp": 1654264700457, "tick_direction": 2, "price": 0.001, "mark_price": 0.00123639, "iv": 87.14, "instrument_name": "BTC-30DEC22-200000-C", "index_price": 29655.51, "direction": "sell", "amount": 0.1}, {"trade_seq": 350, "trade_id": "216317927", "timestamp": 1653987738608, "tick_direction": 3, "price": 0.0015, "mark_price": 0.00156168, "iv": 87.31, "instrument_name": "BTC-30DEC22-200000-C", "index_price": 31609.84, "direction": "sell", "amount": 3.8}, {"trade_seq": 349, "trade_id": "216030521", "timestamp": 1653821081421, "tick_direction": 3, "price": 0.0015, "mark_price": 0.0015375, "iv": 90.21, "instrument_name": "BTC-30DEC22-200000-C", "index_price": 29105.71, "direction": "sell", "amount": 2.6}, {"trade_seq": 348, "trade_id": "216030505", "timestamp": 1653821077441, "tick_direction": 3, "price": 0.0015, "mark_price": 0.00153647, "iv": 90.22, "instrument_name": "BTC-30DEC22-200000-C", "index_price": 29097.54, "direction": "sell", "amount": 2.7}, {"trade_seq": 347, "trade_id": "216030502", "timestamp": 1653821061928, "tick_direction": 3, "price": 0.0015, "mark_price": 0.00153782, "iv": 90.22, "instrument_name": "BTC-30DEC22-200000-C", "index_price": 29097.98, "direction": "sell", "amount": 0.3}, {"trade_seq": 346, "trade_id": "216030501", "timestamp": 1653821059906, "tick_direction": 3, "price": 0.0015, "mark_price": 0.00153823, "iv": 90.22, "instrument_name": "BTC-30DEC22-200000-C", "index_price": 29097.79, "direction": "sell", "amount": 3.9}, {"trade_seq": 345, "trade_id": "216030500", "timestamp": 1653821057884, "tick_direction": 3, "price": 0.0015, "mark_price": 0.00153883, "iv": 90.22, "instrument_name": "BTC-30DEC22-200000-C", "index_price": 29097.6, "direction": "sell", "amount": 5.1}, {"trade_seq": 344, "trade_id": "216030499", "timestamp": 1653821056005, "tick_direction": 3, "price": 0.0015, "mark_price": 0.00153905, "iv": 90.22, "instrument_name": "BTC-30DEC22-200000-C", "index_price": 29098.25, "direction": "sell", "amount": 4.9}, {"trade_seq": 343, "trade_id": "216030232", "timestamp": 1653820419159, "tick_direction": 3, "price": 0.0015, "mark_price": 0.00147739, "iv": 90.22, "instrument_name": "BTC-30DEC22-200000-C", "index_price": 29108.93, "direction": "sell", "amount": 0.3}, {"trade_seq": 342, "trade_id": "216030231", "timestamp": 1653820417137, "tick_direction": 3, "price": 0.0015, "mark_price": 0.00147753, "iv": 90.22, "instrument_name": "BTC-30DEC22-200000-C", "index_price": 29109.02, "direction": "sell", "amount": 6.6}, {"trade_seq": 341, "trade_id": "216030230", "timestamp": 1653820415113, "tick_direction": 3, "price": 0.0015, "mark_price": 0.00147762, "iv": 90.22, "instrument_name": "BTC-30DEC22-200000-C", "index_price": 29108.88, "direction": "sell", "amount": 8.7}, {"trade_seq": 340, "trade_id": "216005985", "timestamp": 1653775711153, "tick_direction": 3, "price": 0.0015, "mark_price": 0.0014946, "iv": 90.26, "instrument_name": "BTC-30DEC22-200000-C", "index_price": 28962.42, "direction": "sell", "amount": 2.0}, {"trade_seq": 339, "trade_id": "216005976", "timestamp": 1653775709135, "tick_direction": 3, "price": 0.0015, "mark_price": 0.00149431, "iv": 90.26, "instrument_name": "BTC-30DEC22-200000-C", "index_price": 28960.48, "direction": "sell", "amount": 2.3}, {"trade_seq": 338, "trade_id": "216005961", "timestamp": 1653775707116, "tick_direction": 3, "price": 0.0015, "mark_price": 0.00149448, "iv": 90.26, "instrument_name": "BTC-30DEC22-200000-C", "index_price": 28960.15, "direction": "sell", "amount": 2.6}, {"trade_seq": 337, "trade_id": "216005951", "timestamp": 1653775705099, "tick_direction": 3, "price": 0.0015, "mark_price": 0.0014946, "iv": 90.26, "instrument_name": "BTC-30DEC22-200000-C", "index_price": 28960.43, "direction": "sell", "amount": 2.8}, {"trade_seq": 336, "trade_id": "216005940", "timestamp": 1653775703079, "tick_direction": 3, "price": 0.0015, "mark_price": 0.00149479, "iv": 90.26, "instrument_name": "BTC-30DEC22-200000-C", "index_price": 28959.91, "direction": "sell", "amount": 3.1}, {"trade_seq": 335, "trade_id": "216005930", "timestamp": 1653775701061, "tick_direction": 3, "price": 0.0015, "mark_price": 0.00149476, "iv": 90.27, "instrument_name": "BTC-30DEC22-200000-C", "index_price": 28959.88, "direction": "sell", "amount": 3.5}, {"trade_seq": 334, "trade_id": "216005912", "timestamp": 1653775699031, "tick_direction": 3, "price": 0.0015, "mark_price": 0.00149623, "iv": 90.27, "instrument_name": "BTC-30DEC22-200000-C", "index_price": 28960.45, "direction": "sell", "amount": 3.9}, {"trade_seq": 333, "trade_id": "216005878", "timestamp": 1653775697006, "tick_direction": 3, "price": 0.0015, "mark_price": 0.0014966, "iv": 90.26, "instrument_name": "BTC-30DEC22-200000-C", "index_price": 28965.94, "direction": "sell", "amount": 4.2}, {"trade_seq": 332, "trade_id": "216005868", "timestamp": 1653775695161, "tick_direction": 3, "price": 0.0015, "mark_price": 0.00149684, "iv": 90.26, "instrument_name": "BTC-30DEC22-200000-C", "index_price": 28966.19, "direction": "sell", "amount": 2.4}, {"trade_seq": 331, "trade_id": "215983941", "timestamp": 1653734576758, "tick_direction": 3, "price": 0.0015, "mark_price": 0.00152498, "iv": 90.45, "instrument_name": "BTC-30DEC22-200000-C", "index_price": 28771.25, "direction": "sell", "amount": 2.0}, {"trade_seq": 330, "trade_id": "215983940", "timestamp": 1653734574739, "tick_direction": 3, "price": 0.0015, "mark_price": 0.00152534, "iv": 90.45, "instrument_name": "BTC-30DEC22-200000-C", "index_price": 28771.26, "direction": "sell", "amount": 2.6}, {"trade_seq": 329, "trade_id": "215983939", "timestamp": 1653734572718, "tick_direction": 3, "price": 0.0015, "mark_price": 0.0015257, "iv": 90.45, "instrument_name": "BTC-30DEC22-200000-C", "index_price": 28771.26, "direction": "sell", "amount": 3.5}, {"trade_seq": 328, "trade_id": "215983938", "timestamp": 1653734570698, "tick_direction": 3, "price": 0.0015, "mark_price": 0.00152625, "iv": 90.45, "instrument_name": "BTC-30DEC22-200000-C", "index_price": 28771.98, "direction": "sell", "amount": 4.7}, {"trade_seq": 327, "trade_id": "215983937", "timestamp": 1653734569587, "tick_direction": 3, "price": 0.0015, "mark_price": 0.00152631, "iv": 90.45, "instrument_name": "BTC-30DEC22-200000-C", "index_price": 28771.98, "direction": "sell", "amount": 3.0}, {"trade_seq": 326, "trade_id": "215962416", "timestamp": 1653700458086, "tick_direction": 3, "price": 0.0015, "mark_price": 0.00211949, "iv": 90.42, "instrument_name": "BTC-30DEC22-200000-C", "index_price": 28728.57, "direction": "sell", "amount": 6.8}, {"trade_seq": 325, "trade_id": "215949408", "timestamp": 1653682972553, "tick_direction": 3, "price": 0.0015, "mark_price": 0.00153385, "iv": 90.19, "instrument_name": "BTC-30DEC22-200000-C", "index_price": 28894.83, "direction": "sell", "amount": 2.4}, {"trade_seq": 324, "trade_id": "215901546", "timestamp": 1653662134480, "tick_direction": 3, "price": 0.0015, "mark_price": 0.00157395, "iv": 89.88, "instrument_name": "BTC-30DEC22-200000-C", "index_price": 29006.78, "direction": "sell", "amount": 1.4}, {"trade_seq": 323, "trade_id": "215901494", "timestamp": 1653662132232, "tick_direction": 3, "price": 0.0015, "mark_price": 0.00157467, "iv": 89.88, "instrument_name": "BTC-30DEC22-200000-C", "index_price": 29007.98, "direction": "sell", "amount": 2.7}, {"trade_seq": 322, "trade_id": "215901487", "timestamp": 1653662130214, "tick_direction": 3, "price": 0.0015, "mark_price": 0.00157574, "iv": 89.88, "instrument_name": "BTC-30DEC22-200000-C", "index_price": 29010.56, "direction": "sell", "amount": 3.7}, {"trade_seq": 321, "trade_id": "215901486", "timestamp": 1653662129582, "tick_direction": 3, "price": 0.0015, "mark_price": 0.00157655, "iv": 89.88, "instrument_name": "BTC-30DEC22-200000-C", "index_price": 29013.01, "direction": "sell", "amount": 5.8}, {"trade_seq": 320, "trade_id": "215882458", "timestamp": 1653650197284, "tick_direction": 3, "price": 0.0015, "mark_price": 0.00168522, "iv": 90.06, "instrument_name": "BTC-30DEC22-200000-C", "index_price": 28918.12, "direction": "sell", "amount": 4.5}, {"trade_seq": 319, "trade_id": "215868931", "timestamp": 1653640380085, "tick_direction": 3, "price": 0.0015, "mark_price": 0.00180956, "iv": 89.84, "instrument_name": "BTC-30DEC22-200000-C", "index_price": 29015.27, "direction": "buy", "amount": 0.1}, {"trade_seq": 318, "trade_id": "215868930", "timestamp": 1653640380076, "tick_direction": 3, "price": 0.0015, "mark_price": 0.00180956, "iv": 89.84, "instrument_name": "BTC-30DEC22-200000-C", "index_price": 29015.27, "direction": "sell", "amount": 3.8}, {"trade_seq": 317, "trade_id": "215710525", "timestamp": 1653568516446, "tick_direction": 3, "price": 0.0015, "mark_price": 0.00171197, "iv": 90.01, "instrument_name": "BTC-30DEC22-200000-C", "index_price": 28877.37, "direction": "sell", "amount": 2.0}, {"trade_seq": 316, "trade_id": "215696216", "timestamp": 1653559358413, "tick_direction": 3, "price": 0.0015, "mark_price": 0.00169638, "iv": 89.65, "instrument_name": "BTC-30DEC22-200000-C", "index_price": 29149.01, "direction": "buy", "amount": 0.5}, {"trade_seq": 315, "trade_id": "215696215", "timestamp": 1653559358410, "tick_direction": 3, "price": 0.0015, "mark_price": 0.00169638, "iv": 89.65, "instrument_name": "BTC-30DEC22-200000-C", "index_price": 29149.01, "direction": "sell", "amount": 2.5}, {"trade_seq": 314, "trade_id": "215604538", "timestamp": 1653481406711, "tick_direction": 3, "price": 0.0015, "mark_price": 0.00151167, "iv": 89.04, "instrument_name": "BTC-30DEC22-200000-C", "index_price": 29414.4, "direction": "sell", "amount": 2.9}, {"trade_seq": 313, "trade_id": "215493593", "timestamp": 1653395470932, "tick_direction": 3, "price": 0.0015, "mark_price": 0.00146938, "iv": 89.16, "instrument_name": "BTC-30DEC22-200000-C", "index_price": 29152.37, "direction": "sell", "amount": 2.2}, {"trade_seq": 312, "trade_id": "215491727", "timestamp": 1653392957901, "tick_direction": 3, "price": 0.0015, "mark_price": 0.0017293, "iv": 89.04, "instrument_name": "BTC-30DEC22-200000-C", "index_price": 29232.98, "direction": "sell", "amount": 1.5}, {"trade_seq": 311, "trade_id": "215491726", "timestamp": 1653392957573, "tick_direction": 3, "price": 0.0015, "mark_price": 0.0017293, "iv": 89.04, "instrument_name": "BTC-30DEC22-200000-C", "index_price": 29233.17, "direction": "sell", "amount": 2.2}, {"trade_seq": 310, "trade_id": "215491725", "timestamp": 1653392957573, "tick_direction": 3, "price": 0.0015, "mark_price": 0.0017293, "iv": 89.04, "instrument_name": "BTC-30DEC22-200000-C", "index_price": 29233.17, "direction": "sell", "amount": 9.6}, {"trade_seq": 309, "trade_id": "215481648", "timestamp": 1653380318957, "tick_direction": 3, "price": 0.0015, "mark_price": 0.00183583, "iv": 88.88, "instrument_name": "BTC-30DEC22-200000-C", "index_price": 29311.27, "direction": "sell", "amount": 10.0}, {"trade_seq": 308, "trade_id": "215481647", "timestamp": 1653380317732, "tick_direction": 3, "price": 0.0015, "mark_price": 0.00183597, "iv": 88.88, "instrument_name": "BTC-30DEC22-200000-C", "index_price": 29311.83, "direction": "sell", "amount": 16.5}, {"trade_seq": 307, "trade_id": "215445627", "timestamp": 1653341284587, "tick_direction": 2, "price": 0.0015, "mark_price": 0.00174089, "iv": 88.75, "instrument_name": "BTC-30DEC22-200000-C", "index_price": 29375.33, "direction": "sell", "amount": 13.9}, {"trade_seq": 306, "trade_id": "215368519", "timestamp": 1653294992457, "tick_direction": 2, "price": 0.002, "mark_price": 0.00201191, "iv": 89.97, "instrument_name": "BTC-30DEC22-200000-C", "index_price": 30319.1, "direction": "sell", "amount": 3.0}, {"trade_seq": 305, "trade_id": "215115906", "timestamp": 1653033983349, "tick_direction": 1, "price": 0.0025, "mark_price": 0.00251406, "iv": 91.65, "instrument_name": "BTC-30DEC22-200000-C", "index_price": 30178.17, "direction": "sell", "amount": 6.2}, {"trade_seq": 304, "trade_id": "215115905", "timestamp": 1653033983345, "tick_direction": 0, "price": 0.0025, "mark_price": 0.00251406, "iv": 91.65, "instrument_name": "BTC-30DEC22-200000-C", "index_price": 30178.17, "direction": "sell", "amount": 3.8}, {"trade_seq": 303, "trade_id": "214969290", "timestamp": 1652948490972, "tick_direction": 3, "price": 0.002, "mark_price": 0.00203307, "iv": 90.68, "instrument_name": "BTC-30DEC22-200000-C", "index_price": 29148.29, "direction": "sell", "amount": 2.4}, {"trade_seq": 302, "trade_id": "214596113", "timestamp": 1652679465324, "tick_direction": 3, "price": 0.002, "mark_price": 0.00195218, "iv": 88.5, "instrument_name": "BTC-30DEC22-200000-C", "index_price": 30382.41, "direction": "sell", "amount": 2.7}, {"trade_seq": 301, "trade_id": "214533743", "timestamp": 1652622415514, "tick_direction": 2, "price": 0.002, "mark_price": 0.00216981, "iv": 88.63, "instrument_name": "BTC-30DEC22-200000-C", "index_price": 30122.66, "direction": "buy", "amount": 6.6}, {"trade_seq": 300, "trade_id": "214490535", "timestamp": 1652568353543, "tick_direction": 1, "price": 0.0045, "mark_price": 0.00291132, "iv": 97.44, "instrument_name": "BTC-30DEC22-200000-C", "index_price": 29793.83, "direction": "buy", "amount": 0.9}, {"trade_seq": 299, "trade_id": "214490532", "timestamp": 1652568353469, "tick_direction": 1, "price": 0.0045, "mark_price": 0.00291132, "iv": 97.44, "instrument_name": "BTC-30DEC22-200000-C", "index_price": 29793.83, "direction": "buy", "amount": 1.8}, {"trade_seq": 298, "trade_id": "214490530", "timestamp": 1652568352985, "tick_direction": 1, "price": 0.0045, "mark_price": 0.00291132, "iv": 97.44, "instrument_name": "BTC-30DEC22-200000-C", "index_price": 29793.2, "direction": "buy", "amount": 2.4}, {"trade_seq": 297, "trade_id": "214490526", "timestamp": 1652568352173, "tick_direction": 0, "price": 0.0045, "mark_price": 0.00291021, "iv": 97.45, "instrument_name": "BTC-30DEC22-200000-C", "index_price": 29792.85, "direction": "buy", "amount": 3.4}, {"trade_seq": 296, "trade_id": "214448232", "timestamp": 1652530958735, "tick_direction": 0, "price": 0.003, "mark_price": 0.0024587, "iv": 93.94, "instrument_name": "BTC-30DEC22-200000-C", "index_price": 28994.99, "direction": "buy", "amount": 5.0}, {"trade_seq": 295, "trade_id": "214369535", "timestamp": 1652464257542, "tick_direction": 2, "price": 0.002, "mark_price": 0.00198347, "iv": 88.73, "instrument_name": "BTC-30DEC22-200000-C", "index_price": 29806.71, "direction": "buy", "amount": 2.6}, {"trade_seq": 294, "trade_id": "214345390", "timestamp": 1652453316463, "tick_direction": 3, "price": 0.0025, "mark_price": 0.00229142, "iv": 89.61, "instrument_name": "BTC-30DEC22-200000-C", "index_price": 30747.34, "direction": "sell", "amount": 2.1}, {"trade_seq": 293, "trade_id": "214345389", "timestamp": 1652453315164, "tick_direction": 3, "price": 0.0025, "mark_price": 0.00229122, "iv": 89.61, "instrument_name": "BTC-30DEC22-200000-C", "index_price": 30748.62, "direction": "sell", "amount": 2.6}, {"trade_seq": 292, "trade_id": "214268830", "timestamp": 1652415299133, "tick_direction": 3, "price": 0.0025, "mark_price": 0.00239092, "iv": 90.05, "instrument_name": "BTC-30DEC22-200000-C", "index_price": 30370.57, "direction": "buy", "amount": 0.7}, {"trade_seq": 291, "trade_id": "214268829", "timestamp": 1652415299123, "tick_direction": 3, "price": 0.0025, "mark_price": 0.00239092, "iv": 90.05, "instrument_name": "BTC-30DEC22-200000-C", "index_price": 30370.57, "direction": "buy", "amount": 3.9}, {"trade_seq": 290, "trade_id": "214268828", "timestamp": 1652415299079, "tick_direction": 2, "price": 0.0025, "mark_price": 0.00239092, "iv": 90.05, "instrument_name": "BTC-30DEC22-200000-C", "index_price": 30370.57, "direction": "buy", "amount": 6.0}, {"trade_seq": 289, "trade_id": "213953203", "timestamp": 1652339470244, "tick_direction": 2, "price": 0.003, "mark_price": 0.0042423, "iv": 97.51, "instrument_name": "BTC-30DEC22-200000-C", "index_price": 26099.73, "direction": "sell", "amount": 0.5}, {"trade_seq": 288, "trade_id": "213952414", "timestamp": 1652339353191, "tick_direction": 3, "price": 0.0035, "mark_price": 0.00437322, "iv": 98.99, "instrument_name": "BTC-30DEC22-200000-C", "index_price": 26200.78, "direction": "sell", "amount": 1.0}, {"trade_seq": 287, "trade_id": "213952224", "timestamp": 1652339336107, "tick_direction": 3, "price": 0.0035, "mark_price": 0.00441516, "iv": 98.93, "instrument_name": "BTC-30DEC22-200000-C", "index_price": 26237.47, "direction": "sell", "amount": 1.0}, {"trade_seq": 286, "trade_id": "213928776", "timestamp": 1652337484805, "tick_direction": 3, "price": 0.0035, "mark_price": 0.0041932, "iv": 97.91, "instrument_name": "BTC-30DEC22-200000-C", "index_price": 26958.03, "direction": "sell", "amount": 3.2}, {"trade_seq": 285, "trade_id": "213889083", "timestamp": 1652333976312, "tick_direction": 2, "price": 0.0035, "mark_price": 0.00390135, "iv": 97.79, "instrument_name": "BTC-30DEC22-200000-C", "index_price": 27105.59, "direction": "sell", "amount": 2.0}, {"trade_seq": 284, "trade_id": "213887147", "timestamp": 1652333761833, "tick_direction": 1, "price": 0.0045, "mark_price": 0.00376879, "iv": 100.33, "instrument_name": "BTC-30DEC22-200000-C", "index_price": 27317.09, "direction": "buy", "amount": 0.2}, {"trade_seq": 283, "trade_id": "213887145", "timestamp": 1652333761808, "tick_direction": 0, "price": 0.0045, "mark_price": 0.00376879, "iv": 100.33, "instrument_name": "BTC-30DEC22-200000-C", "index_price": 27317.09, "direction": "buy", "amount": 0.3}, {"trade_seq": 282, "trade_id": "213886910", "timestamp": 1652333725635, "tick_direction": 1, "price": 0.0035, "mark_price": 0.00372808, "iv": 97.47, "instrument_name": "BTC-30DEC22-200000-C", "index_price": 27328.66, "direction": "sell", "amount": 2.0}, {"trade_seq": 281, "trade_id": "213873137", "timestamp": 1652332713898, "tick_direction": 1, "price": 0.0035, "mark_price": 0.00365338, "iv": 97.69, "instrument_name": "BTC-30DEC22-200000-C", "index_price": 27243.9, "direction": "sell", "amount": 2.1}, {"trade_seq": 280, "trade_id": "213870489", "timestamp": 1652332642114, "tick_direction": 1, "price": 0.0035, "mark_price": 0.0035313, "iv": 97.88, "instrument_name": "BTC-30DEC22-200000-C", "index_price": 27072.98, "direction": "sell", "amount": 3.5}, {"trade_seq": 279, "trade_id": "213852601", "timestamp": 1652331391072, "tick_direction": 1, "price": 0.0035, "mark_price": 0.00335691, "iv": 97.1, "instrument_name": "BTC-30DEC22-200000-C", "index_price": 27539.0, "direction": "sell", "amount": 2.1}, {"trade_seq": 278, "trade_id": "213852600", "timestamp": 1652331390931, "tick_direction": 0, "price": 0.0035, "mark_price": 0.00335691, "iv": 97.1, "instrument_name": "BTC-30DEC22-200000-C", "index_price": 27539.0, "direction": "sell", "amount": 3.0}, {"trade_seq": 277, "trade_id": "213746590", "timestamp": 1652307445616, "tick_direction": 3, "price": 0.0025, "mark_price": 0.0025712, "iv": 91.72, "instrument_name": "BTC-30DEC22-200000-C", "index_price": 28865.99, "direction": "sell", "amount": 2.3}, {"trade_seq": 276, "trade_id": "213742904", "timestamp": 1652306943384, "tick_direction": 2, "price": 0.0025, "mark_price": 0.00327615, "iv": 91.56, "instrument_name": "BTC-30DEC22-200000-C", "index_price": 29039.94, "direction": "sell", "amount": 2.4}, {"trade_seq": 275, "trade_id": "213692114", "timestamp": 1652301927412, "tick_direction": 1, "price": 0.003, "mark_price": 0.00242178, "iv": 93.07, "instrument_name": "BTC-30DEC22-200000-C", "index_price": 29227.68, "direction": "buy", "amount": 4.0}, {"trade_seq": 274, "trade_id": "213692113", "timestamp": 1652301927412, "tick_direction": 0, "price": 0.003, "mark_price": 0.00242178, "iv": 93.07, "instrument_name": "BTC-30DEC22-200000-C", "index_price": 29227.68, "direction": "buy", "amount": 1.0}, {"trade_seq": 273, "trade_id": "213594477", "timestamp": 1652283792748, "tick_direction": 1, "price": 0.002, "mark_price": 0.001845, "iv": 86.37, "instrument_name": "BTC-30DEC22-200000-C", "index_price": 31283.5, "direction": "buy", "amount": 12.7}, {"trade_seq": 272, "trade_id": "213170089", "timestamp": 1652172446546, "tick_direction": 1, "price": 0.002, "mark_price": 0.0020093, "iv": 85.59, "instrument_name": "BTC-30DEC22-200000-C", "index_price": 31775.81, "direction": "buy", "amount": 2.1}, {"trade_seq": 271, "trade_id": "213169974", "timestamp": 1652172357099, "tick_direction": 1, "price": 0.002, "mark_price": 0.00201088, "iv": 85.62, "instrument_name": "BTC-30DEC22-200000-C", "index_price": 31751.37, "direction": "buy", "amount": 2.2}, {"trade_seq": 270, "trade_id": "213169964", "timestamp": 1652172343706, "tick_direction": 1, "price": 0.002, "mark_price": 0.00201489, "iv": 85.61, "instrument_name": "BTC-30DEC22-200000-C", "index_price": 31766.86, "direction": "buy", "amount": 3.4}, {"trade_seq": 269, "trade_id": "213169949", "timestamp": 1652172341718, "tick_direction": 1, "price": 0.002, "mark_price": 0.00201484, "iv": 85.62, "instrument_name": "BTC-30DEC22-200000-C", "index_price": 31767.66, "direction": "buy", "amount": 5.1}, {"trade_seq": 268, "trade_id": "213169688", "timestamp": 1652172206632, "tick_direction": 1, "price": 0.002, "mark_price": 0.00201963, "iv": 85.61, "instrument_name": "BTC-30DEC22-200000-C", "index_price": 31788.03, "direction": "buy", "amount": 9.8}, {"trade_seq": 267, "trade_id": "213168689", "timestamp": 1652171837564, "tick_direction": 1, "price": 0.002, "mark_price": 0.00205827, "iv": 85.6, "instrument_name": "BTC-30DEC22-200000-C", "index_price": 31800.74, "direction": "buy", "amount": 3.1}, {"trade_seq": 266, "trade_id": "213168666", "timestamp": 1652171835575, "tick_direction": 0, "price": 0.002, "mark_price": 0.00205922, "iv": 85.6, "instrument_name": "BTC-30DEC22-200000-C", "index_price": 31802.94, "direction": "buy", "amount": 5.4}, {"trade_seq": 265, "trade_id": "212721473", "timestamp": 1652084642193, "tick_direction": 3, "price": 0.0015, "mark_price": 0.00153338, "iv": 81.08, "instrument_name": "BTC-30DEC22-200000-C", "index_price": 33348.46, "direction": "buy", "amount": 0.3}, {"trade_seq": 264, "trade_id": "212511187", "timestamp": 1651982583053, "tick_direction": 3, "price": 0.0015, "mark_price": 0.00198681, "iv": 79.52, "instrument_name": "BTC-30DEC22-200000-C", "index_price": 34556.75, "direction": "sell", "amount": 1.4}, {"trade_seq": 263, "trade_id": "212511186", "timestamp": 1651982583053, "tick_direction": 2, "price": 0.0015, "mark_price": 0.00198681, "iv": 79.52, "instrument_name": "BTC-30DEC22-200000-C", "index_price": 34556.75, "direction": "sell", "amount": 5.1}, {"trade_seq": 262, "trade_id": "212213985", "timestamp": 1651821833531, "tick_direction": 3, "price": 0.002, "mark_price": 0.00216379, "iv": 79.6, "instrument_name": "BTC-30DEC22-200000-C", "index_price": 36390.01, "direction": "sell", "amount": 2.4}, {"trade_seq": 261, "trade_id": "212213961", "timestamp": 1651821808692, "tick_direction": 3, "price": 0.002, "mark_price": 0.00215869, "iv": 79.61, "instrument_name": "BTC-30DEC22-200000-C", "index_price": 36388.99, "direction": "sell", "amount": 2.5}, {"trade_seq": 260, "trade_id": "212213672", "timestamp": 1651821413736, "tick_direction": 2, "price": 0.002, "mark_price": 0.00210342, "iv": 79.59, "instrument_name": "BTC-30DEC22-200000-C", "index_price": 36426.67, "direction": "sell", "amount": 2.1}, {"trade_seq": 259, "trade_id": "211997128", "timestamp": 1651749688272, "tick_direction": 1, "price": 0.0025, "mark_price": 0.00223921, "iv": 78.13, "instrument_name": "BTC-30DEC22-200000-C", "index_price": 39526.92, "direction": "buy", "amount": 1.0}, {"trade_seq": 258, "trade_id": "211997127", "timestamp": 1651749688272, "tick_direction": 1, "price": 0.0025, "mark_price": 0.00223921, "iv": 78.13, "instrument_name": "BTC-30DEC22-200000-C", "index_price": 39526.92, "direction": "buy", "amount": 4.0}, {"trade_seq": 257, "trade_id": "211862820", "timestamp": 1651645348535, "tick_direction": 0, "price": 0.0025, "mark_price": 0.00246036, "iv": 79.17, "instrument_name": "BTC-30DEC22-200000-C", "index_price": 38274.32, "direction": "sell", "amount": 4.0}, {"trade_seq": 256, "trade_id": "211855413", "timestamp": 1651631023585, "tick_direction": 2, "price": 0.002, "mark_price": 0.00223846, "iv": 77.58, "instrument_name": "BTC-30DEC22-200000-C", "index_price": 37982.69, "direction": "sell", "amount": 2.0}, {"trade_seq": 255, "trade_id": "211676553", "timestamp": 1651450561989, "tick_direction": 3, "price": 0.0025, "mark_price": 0.0025246, "iv": 78.41, "instrument_name": "BTC-30DEC22-200000-C", "index_price": 38655.3, "direction": "sell", "amount": 1.6}, {"trade_seq": 254, "trade_id": "211482469", "timestamp": 1651220617397, "tick_direction": 3, "price": 0.0025, "mark_price": 0.00252874, "iv": 77.2, "instrument_name": "BTC-30DEC22-200000-C", "index_price": 39533.6, "direction": "sell", "amount": 2.9}, {"trade_seq": 253, "trade_id": "210891657", "timestamp": 1650769399679, "tick_direction": 3, "price": 0.0025, "mark_price": 0.00250465, "iv": 76.16, "instrument_name": "BTC-30DEC22-200000-C", "index_price": 39628.99, "direction": "sell", "amount": 2.7}, {"trade_seq": 252, "trade_id": "210868619", "timestamp": 1650716501041, "tick_direction": 2, "price": 0.0025, "mark_price": 0.00246142, "iv": 76.07, "instrument_name": "BTC-30DEC22-200000-C", "index_price": 39595.02, "direction": "sell", "amount": 8.6}, {"trade_seq": 251, "trade_id": "210841899", "timestamp": 1650658268128, "tick_direction": 2, "price": 0.0035, "mark_price": 0.0029824, "iv": 79.09, "instrument_name": "BTC-30DEC22-200000-C", "index_price": 39473.89, "direction": "buy", "amount": 0.1}, {"trade_seq": 250, "trade_id": "210648478", "timestamp": 1650515194272, "tick_direction": 3, "price": 0.004, "mark_price": 0.00360373, "iv": 77.84, "instrument_name": "BTC-30DEC22-200000-C", "index_price": 41660.25, "direction": "buy", "amount": 0.1}, {"trade_seq": 249, "trade_id": "210648477", "timestamp": 1650515190248, "tick_direction": 3, "price": 0.004, "mark_price": 0.00360323, "iv": 77.84, "instrument_name": "BTC-30DEC22-200000-C", "index_price": 41660.29, "direction": "buy", "amount": 0.1}, {"trade_seq": 248, "trade_id": "210648476", "timestamp": 1650515188235, "tick_direction": 3, "price": 0.004, "mark_price": 0.00360282, "iv": 77.84, "instrument_name": "BTC-30DEC22-200000-C", "index_price": 41660.23, "direction": "buy", "amount": 0.1}, {"trade_seq": 247, "trade_id": "210648475", "timestamp": 1650515184224, "tick_direction": 3, "price": 0.004, "mark_price": 0.00360214, "iv": 77.84, "instrument_name": "BTC-30DEC22-200000-C", "index_price": 41659.56, "direction": "buy", "amount": 0.1}, {"trade_seq": 246, "trade_id": "210648474", "timestamp": 1650515181353, "tick_direction": 3, "price": 0.004, "mark_price": 0.00360227, "iv": 77.84, "instrument_name": "BTC-30DEC22-200000-C", "index_price": 41659.62, "direction": "buy", "amount": 0.1}, {"trade_seq": 245, "trade_id": "210648473", "timestamp": 1650515176421, "tick_direction": 3, "price": 0.004, "mark_price": 0.00360423, "iv": 77.83, "instrument_name": "BTC-30DEC22-200000-C", "index_price": 41664.24, "direction": "buy", "amount": 0.1}, {"trade_seq": 244, "trade_id": "210648472", "timestamp": 1650515176160, "tick_direction": 3, "price": 0.004, "mark_price": 0.00360423, "iv": 77.83, "instrument_name": "BTC-30DEC22-200000-C", "index_price": 41664.24, "direction": "buy", "amount": 0.1}, {"trade_seq": 243, "trade_id": "210648471", "timestamp": 1650515173413, "tick_direction": 3, "price": 0.004, "mark_price": 0.00360309, "iv": 77.83, "instrument_name": "BTC-30DEC22-200000-C", "index_price": 41659.57, "direction": "buy", "amount": 0.1}, {"trade_seq": 242, "trade_id": "210648470", "timestamp": 1650515173055, "tick_direction": 3, "price": 0.004, "mark_price": 0.00360309, "iv": 77.83, "instrument_name": "BTC-30DEC22-200000-C", "index_price": 41659.57, "direction": "buy", "amount": 0.1}, {"trade_seq": 241, "trade_id": "210648469", "timestamp": 1650515173038, "tick_direction": 3, "price": 0.004, "mark_price": 0.00360309, "iv": 77.83, "instrument_name": "BTC-30DEC22-200000-C", "index_price": 41659.57, "direction": "buy", "amount": 0.1}, {"trade_seq": 240, "trade_id": "210648468", "timestamp": 1650515172133, "tick_direction": 3, "price": 0.004, "mark_price": 0.00360343, "iv": 77.83, "instrument_name": "BTC-30DEC22-200000-C", "index_price": 41659.55, "direction": "buy", "amount": 0.1}, {"trade_seq": 239, "trade_id": "210648467", "timestamp": 1650515170120, "tick_direction": 3, "price": 0.004, "mark_price": 0.00360365, "iv": 77.83, "instrument_name": "BTC-30DEC22-200000-C", "index_price": 41659.58, "direction": "buy", "amount": 0.2}, {"trade_seq": 238, "trade_id": "210648466", "timestamp": 1650515168108, "tick_direction": 3, "price": 0.004, "mark_price": 0.00360354, "iv": 77.83, "instrument_name": "BTC-30DEC22-200000-C", "index_price": 41659.55, "direction": "buy", "amount": 0.2}, {"trade_seq": 237, "trade_id": "210648465", "timestamp": 1650515162092, "tick_direction": 3, "price": 0.004, "mark_price": 0.00360374, "iv": 77.83, "instrument_name": "BTC-30DEC22-200000-C", "index_price": 41659.42, "direction": "buy", "amount": 0.2}, {"trade_seq": 236, "trade_id": "210648464", "timestamp": 1650515162086, "tick_direction": 3, "price": 0.004, "mark_price": 0.00360374, "iv": 77.83, "instrument_name": "BTC-30DEC22-200000-C", "index_price": 41659.42, "direction": "buy", "amount": 0.2}, {"trade_seq": 235, "trade_id": "210648463", "timestamp": 1650515159178, "tick_direction": 3, "price": 0.004, "mark_price": 0.00360416, "iv": 77.83, "instrument_name": "BTC-30DEC22-200000-C", "index_price": 41659.33, "direction": "buy", "amount": 0.3}, {"trade_seq": 234, "trade_id": "210648461", "timestamp": 1650515152014, "tick_direction": 3, "price": 0.004, "mark_price": 0.00360419, "iv": 77.82, "instrument_name": "BTC-30DEC22-200000-C", "index_price": 41659.59, "direction": "buy", "amount": 0.2}, {"trade_seq": 233, "trade_id": "210648460", "timestamp": 1650515149196, "tick_direction": 3, "price": 0.004, "mark_price": 0.0036036, "iv": 77.82, "instrument_name": "BTC-30DEC22-200000-C", "index_price": 41659.13, "direction": "buy", "amount": 0.2}, {"trade_seq": 232, "trade_id": "210648457", "timestamp": 1650515145970, "tick_direction": 3, "price": 0.004, "mark_price": 0.00360349, "iv": 77.82, "instrument_name": "BTC-30DEC22-200000-C", "index_price": 41658.94, "direction": "buy", "amount": 0.2}, {"trade_seq": 231, "trade_id": "210648456", "timestamp": 1650515143628, "tick_direction": 3, "price": 0.004, "mark_price": 0.00360395, "iv": 77.82, "instrument_name": "BTC-30DEC22-200000-C", "index_price": 41660.25, "direction": "buy", "amount": 0.3}, {"trade_seq": 230, "trade_id": "210648455", "timestamp": 1650515139934, "tick_direction": 3, "price": 0.004, "mark_price": 0.00360404, "iv": 77.82, "instrument_name": "BTC-30DEC22-200000-C", "index_price": 41660.55, "direction": "buy", "amount": 0.3}, {"trade_seq": 229, "trade_id": "210648454", "timestamp": 1650515129545, "tick_direction": 3, "price": 0.004, "mark_price": 0.00360557, "iv": 77.82, "instrument_name": "BTC-30DEC22-200000-C", "index_price": 41662.65, "direction": "buy", "amount": 0.1}, {"trade_seq": 228, "trade_id": "210648453", "timestamp": 1650515127452, "tick_direction": 3, "price": 0.004, "mark_price": 0.00360585, "iv": 77.82, "instrument_name": "BTC-30DEC22-200000-C", "index_price": 41663.98, "direction": "buy", "amount": 0.1}, {"trade_seq": 227, "trade_id": "210648452", "timestamp": 1650515126123, "tick_direction": 3, "price": 0.004, "mark_price": 0.00360598, "iv": 77.82, "instrument_name": "BTC-30DEC22-200000-C", "index_price": 41663.75, "direction": "buy", "amount": 0.2}, {"trade_seq": 226, "trade_id": "210648451", "timestamp": 1650515125844, "tick_direction": 3, "price": 0.004, "mark_price": 0.00360598, "iv": 77.82, "instrument_name": "BTC-30DEC22-200000-C", "index_price": 41663.75, "direction": "buy", "amount": 0.2}, {"trade_seq": 225, "trade_id": "210648450", "timestamp": 1650515118910, "tick_direction": 3, "price": 0.004, "mark_price": 0.00360739, "iv": 77.82, "instrument_name": "BTC-30DEC22-200000-C", "index_price": 41664.19, "direction": "buy", "amount": 0.1}, {"trade_seq": 224, "trade_id": "210648449", "timestamp": 1650515118096, "tick_direction": 3, "price": 0.004, "mark_price": 0.00360757, "iv": 77.82, "instrument_name": "BTC-30DEC22-200000-C", "index_price": 41663.99, "direction": "buy", "amount": 0.1}, {"trade_seq": 223, "trade_id": "210648448", "timestamp": 1650515116945, "tick_direction": 3, "price": 0.004, "mark_price": 0.00360768, "iv": 77.82, "instrument_name": "BTC-30DEC22-200000-C", "index_price": 41663.94, "direction": "buy", "amount": 0.1}, {"trade_seq": 222, "trade_id": "210648447", "timestamp": 1650515116667, "tick_direction": 3, "price": 0.004, "mark_price": 0.00360784, "iv": 77.82, "instrument_name": "BTC-30DEC22-200000-C", "index_price": 41663.94, "direction": "buy", "amount": 0.1}, {"trade_seq": 221, "trade_id": "210648446", "timestamp": 1650515114680, "tick_direction": 3, "price": 0.004, "mark_price": 0.00360783, "iv": 77.82, "instrument_name": "BTC-30DEC22-200000-C", "index_price": 41664.05, "direction": "buy", "amount": 0.1}, {"trade_seq": 220, "trade_id": "210648444", "timestamp": 1650515113768, "tick_direction": 3, "price": 0.004, "mark_price": 0.00360777, "iv": 77.82, "instrument_name": "BTC-30DEC22-200000-C", "index_price": 41663.64, "direction": "buy", "amount": 0.1}, {"trade_seq": 219, "trade_id": "210648443", "timestamp": 1650515112026, "tick_direction": 3, "price": 0.004, "mark_price": 0.00360765, "iv": 77.82, "instrument_name": "BTC-30DEC22-200000-C", "index_price": 41662.8, "direction": "buy", "amount": 0.1}, {"trade_seq": 218, "trade_id": "210648442", "timestamp": 1650515111899, "tick_direction": 3, "price": 0.004, "mark_price": 0.00360765, "iv": 77.82, "instrument_name": "BTC-30DEC22-200000-C", "index_price": 41662.8, "direction": "buy", "amount": 0.1}, {"trade_seq": 217, "trade_id": "210648441", "timestamp": 1650515110283, "tick_direction": 3, "price": 0.004, "mark_price": 0.00360645, "iv": 77.83, "instrument_name": "BTC-30DEC22-200000-C", "index_price": 41662.17, "direction": "buy", "amount": 0.1}, {"trade_seq": 216, "trade_id": "210648440", "timestamp": 1650515109847, "tick_direction": 3, "price": 0.004, "mark_price": 0.00360645, "iv": 77.83, "instrument_name": "BTC-30DEC22-200000-C", "index_price": 41658.34, "direction": "buy", "amount": 0.1}, {"trade_seq": 215, "trade_id": "210648439", "timestamp": 1650515109744, "tick_direction": 3, "price": 0.004, "mark_price": 0.00360754, "iv": 77.83, "instrument_name": "BTC-30DEC22-200000-C", "index_price": 41658.34, "direction": "buy", "amount": 0.1}, {"trade_seq": 214, "trade_id": "210648438", "timestamp": 1650515109651, "tick_direction": 3, "price": 0.004, "mark_price": 0.00360754, "iv": 77.83, "instrument_name": "BTC-30DEC22-200000-C", "index_price": 41658.34, "direction": "buy", "amount": 0.1}, {"trade_seq": 213, "trade_id": "210648437", "timestamp": 1650515109625, "tick_direction": 3, "price": 0.004, "mark_price": 0.00360754, "iv": 77.83, "instrument_name": "BTC-30DEC22-200000-C", "index_price": 41658.34, "direction": "buy", "amount": 0.1}, {"trade_seq": 212, "trade_id": "210648436", "timestamp": 1650515109434, "tick_direction": 3, "price": 0.004, "mark_price": 0.00360754, "iv": 77.83, "instrument_name": "BTC-30DEC22-200000-C", "index_price": 41658.34, "direction": "buy", "amount": 0.1}, {"trade_seq": 211, "trade_id": "210648435", "timestamp": 1650515109264, "tick_direction": 3, "price": 0.004, "mark_price": 0.00360754, "iv": 77.83, "instrument_name": "BTC-30DEC22-200000-C", "index_price": 41658.34, "direction": "buy", "amount": 0.1}, {"trade_seq": 210, "trade_id": "210648434", "timestamp": 1650515108275, "tick_direction": 3, "price": 0.004, "mark_price": 0.0036083, "iv": 77.82, "instrument_name": "BTC-30DEC22-200000-C", "index_price": 41658.42, "direction": "buy", "amount": 0.2}, {"trade_seq": 209, "trade_id": "210648433", "timestamp": 1650515106844, "tick_direction": 3, "price": 0.004, "mark_price": 0.00360891, "iv": 77.82, "instrument_name": "BTC-30DEC22-200000-C", "index_price": 41663.29, "direction": "buy", "amount": 0.1}, {"trade_seq": 208, "trade_id": "210407649", "timestamp": 1650269191685, "tick_direction": 3, "price": 0.004, "mark_price": 0.00394461, "iv": 80.11, "instrument_name": "BTC-30DEC22-200000-C", "index_price": 39024.94, "direction": "buy", "amount": 0.3}, {"trade_seq": 207, "trade_id": "210407647", "timestamp": 1650269191010, "tick_direction": 3, "price": 0.004, "mark_price": 0.00394461, "iv": 80.11, "instrument_name": "BTC-30DEC22-200000-C", "index_price": 39024.97, "direction": "buy", "amount": 0.5}, {"trade_seq": 206, "trade_id": "210407645", "timestamp": 1650269189832, "tick_direction": 3, "price": 0.004, "mark_price": 0.00394396, "iv": 80.11, "instrument_name": "BTC-30DEC22-200000-C", "index_price": 39024.7, "direction": "buy", "amount": 0.7}, {"trade_seq": 205, "trade_id": "210392301", "timestamp": 1650256618043, "tick_direction": 3, "price": 0.004, "mark_price": 0.00427711, "iv": 80.23, "instrument_name": "BTC-30DEC22-200000-C", "index_price": 38934.38, "direction": "buy", "amount": 0.3}, {"trade_seq": 204, "trade_id": "210392300", "timestamp": 1650256618032, "tick_direction": 3, "price": 0.004, "mark_price": 0.00427711, "iv": 80.23, "instrument_name": "BTC-30DEC22-200000-C", "index_price": 38934.38, "direction": "sell", "amount": 2.7}, {"trade_seq": 203, "trade_id": "210392221", "timestamp": 1650256573095, "tick_direction": 3, "price": 0.004, "mark_price": 0.00427567, "iv": 80.24, "instrument_name": "BTC-30DEC22-200000-C", "index_price": 38936.24, "direction": "buy", "amount": 0.1}, {"trade_seq": 202, "trade_id": "210392220", "timestamp": 1650256573072, "tick_direction": 3, "price": 0.004, "mark_price": 0.00427567, "iv": 80.24, "instrument_name": "BTC-30DEC22-200000-C", "index_price": 38936.24, "direction": "sell", "amount": 2.9}, {"trade_seq": 201, "trade_id": "210388463", "timestamp": 1650255872500, "tick_direction": 3, "price": 0.004, "mark_price": 0.00400215, "iv": 80.42, "instrument_name": "BTC-30DEC22-200000-C", "index_price": 38727.38, "direction": "sell", "amount": 3.0}, {"trade_seq": 200, "trade_id": "210357308", "timestamp": 1650233557968, "tick_direction": 3, "price": 0.004, "mark_price": 0.00376203, "iv": 78.81, "instrument_name": "BTC-30DEC22-200000-C", "index_price": 40234.39, "direction": "buy", "amount": 0.1}, {"trade_seq": 199, "trade_id": "210357307", "timestamp": 1650233550347, "tick_direction": 3, "price": 0.004, "mark_price": 0.00375756, "iv": 78.81, "instrument_name": "BTC-30DEC22-200000-C", "index_price": 40229.77, "direction": "buy", "amount": 0.1}, {"trade_seq": 198, "trade_id": "210357306", "timestamp": 1650233550230, "tick_direction": 3, "price": 0.004, "mark_price": 0.00375756, "iv": 78.81, "instrument_name": "BTC-30DEC22-200000-C", "index_price": 40230.56, "direction": "buy", "amount": 0.1}, {"trade_seq": 197, "trade_id": "210357298", "timestamp": 1650233547891, "tick_direction": 3, "price": 0.004, "mark_price": 0.00375243, "iv": 78.82, "instrument_name": "BTC-30DEC22-200000-C", "index_price": 40228.1, "direction": "buy", "amount": 0.1}, {"trade_seq": 196, "trade_id": "210357296", "timestamp": 1650233545837, "tick_direction": 3, "price": 0.004, "mark_price": 0.0037509, "iv": 78.82, "instrument_name": "BTC-30DEC22-200000-C", "index_price": 40225.21, "direction": "buy", "amount": 0.1}, {"trade_seq": 195, "trade_id": "210326826", "timestamp": 1650182399853, "tick_direction": 3, "price": 0.004, "mark_price": 0.00301026, "iv": 78.64, "instrument_name": "BTC-30DEC22-200000-C", "index_price": 40295.44, "direction": "buy", "amount": 0.3}, {"trade_seq": 194, "trade_id": "210326824", "timestamp": 1650182399451, "tick_direction": 3, "price": 0.004, "mark_price": 0.00301026, "iv": 78.64, "instrument_name": "BTC-30DEC22-200000-C", "index_price": 40295.44, "direction": "buy", "amount": 0.4}, {"trade_seq": 193, "trade_id": "210326823", "timestamp": 1650182399425, "tick_direction": 3, "price": 0.004, "mark_price": 0.00301026, "iv": 78.64, "instrument_name": "BTC-30DEC22-200000-C", "index_price": 40295.44, "direction": "buy", "amount": 0.5}, {"trade_seq": 192, "trade_id": "210326822", "timestamp": 1650182399414, "tick_direction": 3, "price": 0.004, "mark_price": 0.00301026, "iv": 78.64, "instrument_name": "BTC-30DEC22-200000-C", "index_price": 40295.44, "direction": "buy", "amount": 0.7}, {"trade_seq": 191, "trade_id": "210326797", "timestamp": 1650182345577, "tick_direction": 3, "price": 0.004, "mark_price": 0.00297875, "iv": 78.64, "instrument_name": "BTC-30DEC22-200000-C", "index_price": 40289.21, "direction": "buy", "amount": 0.7}, {"trade_seq": 190, "trade_id": "210326793", "timestamp": 1650182345415, "tick_direction": 3, "price": 0.004, "mark_price": 0.00297875, "iv": 78.64, "instrument_name": "BTC-30DEC22-200000-C", "index_price": 40287.34, "direction": "buy", "amount": 1.0}, {"trade_seq": 189, "trade_id": "210326792", "timestamp": 1650182345415, "tick_direction": 3, "price": 0.004, "mark_price": 0.00297875, "iv": 78.64, "instrument_name": "BTC-30DEC22-200000-C", "index_price": 40287.34, "direction": "buy", "amount": 0.1}, {"trade_seq": 188, "trade_id": "210293499", "timestamp": 1650090349958, "tick_direction": 3, "price": 0.004, "mark_price": 0.00440523, "iv": 78.35, "instrument_name": "BTC-30DEC22-200000-C", "index_price": 40456.82, "direction": "sell", "amount": 0.1}, {"trade_seq": 187, "trade_id": "210293497", "timestamp": 1650090331089, "tick_direction": 3, "price": 0.004, "mark_price": 0.00440668, "iv": 78.35, "instrument_name": "BTC-30DEC22-200000-C", "index_price": 40458.24, "direction": "sell", "amount": 0.1}, {"trade_seq": 186, "trade_id": "210293496", "timestamp": 1650090330988, "tick_direction": 3, "price": 0.004, "mark_price": 0.00440668, "iv": 78.35, "instrument_name": "BTC-30DEC22-200000-C", "index_price": 40458.24, "direction": "sell", "amount": 0.1}, {"trade_seq": 185, "trade_id": "210293495", "timestamp": 1650090330485, "tick_direction": 3, "price": 0.004, "mark_price": 0.00440668, "iv": 78.35, "instrument_name": "BTC-30DEC22-200000-C", "index_price": 40462.11, "direction": "sell", "amount": 0.1}, {"trade_seq": 184, "trade_id": "210293317", "timestamp": 1650088601466, "tick_direction": 2, "price": 0.004, "mark_price": 0.00442835, "iv": 78.34, "instrument_name": "BTC-30DEC22-200000-C", "index_price": 40463.06, "direction": "sell", "amount": 0.1}, {"trade_seq": 183, "trade_id": "210127931", "timestamp": 1649886641823, "tick_direction": 3, "price": 0.005, "mark_price": 0.00510543, "iv": 79.54, "instrument_name": "BTC-30DEC22-200000-C", "index_price": 41145.69, "direction": "buy", "amount": 0.1}, {"trade_seq": 182, "trade_id": "210127930", "timestamp": 1649886641782, "tick_direction": 3, "price": 0.005, "mark_price": 0.00510543, "iv": 79.54, "instrument_name": "BTC-30DEC22-200000-C", "index_price": 41145.69, "direction": "buy", "amount": 0.2}, {"trade_seq": 181, "trade_id": "210127929", "timestamp": 1649886641755, "tick_direction": 3, "price": 0.005, "mark_price": 0.00510543, "iv": 79.54, "instrument_name": "BTC-30DEC22-200000-C", "index_price": 41145.69, "direction": "buy", "amount": 0.2}, {"trade_seq": 180, "trade_id": "210127927", "timestamp": 1649886641669, "tick_direction": 3, "price": 0.005, "mark_price": 0.00510543, "iv": 79.54, "instrument_name": "BTC-30DEC22-200000-C", "index_price": 41145.69, "direction": "buy", "amount": 0.3}, {"trade_seq": 179, "trade_id": "210127923", "timestamp": 1649886640751, "tick_direction": 3, "price": 0.005, "mark_price": 0.00510554, "iv": 79.55, "instrument_name": "BTC-30DEC22-200000-C", "index_price": 41140.2, "direction": "buy", "amount": 0.1}, {"trade_seq": 178, "trade_id": "210127922", "timestamp": 1649886640739, "tick_direction": 3, "price": 0.005, "mark_price": 0.00510554, "iv": 79.55, "instrument_name": "BTC-30DEC22-200000-C", "index_price": 41140.2, "direction": "buy", "amount": 0.3}, {"trade_seq": 177, "trade_id": "210127921", "timestamp": 1649886640382, "tick_direction": 3, "price": 0.005, "mark_price": 0.00510554, "iv": 79.55, "instrument_name": "BTC-30DEC22-200000-C", "index_price": 41138.57, "direction": "buy", "amount": 0.4}, {"trade_seq": 176, "trade_id": "210127914", "timestamp": 1649886619174, "tick_direction": 3, "price": 0.005, "mark_price": 0.00511652, "iv": 79.56, "instrument_name": "BTC-30DEC22-200000-C", "index_price": 41141.0, "direction": "buy", "amount": 0.1}, {"trade_seq": 175, "trade_id": "210127913", "timestamp": 1649886617871, "tick_direction": 3, "price": 0.005, "mark_price": 0.00511719, "iv": 79.55, "instrument_name": "BTC-30DEC22-200000-C", "index_price": 41139.93, "direction": "buy", "amount": 0.1}, {"trade_seq": 174, "trade_id": "209896557", "timestamp": 1649723326262, "tick_direction": 3, "price": 0.005, "mark_price": 0.00519183, "iv": 80.6, "instrument_name": "BTC-30DEC22-200000-C", "index_price": 39686.0, "direction": "buy", "amount": 0.9}, {"trade_seq": 173, "trade_id": "209896556", "timestamp": 1649723326261, "tick_direction": 2, "price": 0.005, "mark_price": 0.00519183, "iv": 80.6, "instrument_name": "BTC-30DEC22-200000-C", "index_price": 39686.0, "direction": "buy", "amount": 1.7}, {"trade_seq": 172, "trade_id": "209572975", "timestamp": 1649403834719, "tick_direction": 3, "price": 0.0065, "mark_price": 0.00695085, "iv": 78.86, "instrument_name": "BTC-30DEC22-200000-C", "index_price": 43473.97, "direction": "sell", "amount": 0.1}, {"trade_seq": 171, "trade_id": "209532533", "timestamp": 1649346639786, "tick_direction": 2, "price": 0.0065, "mark_price": 0.00693207, "iv": 78.86, "instrument_name": "BTC-30DEC22-200000-C", "index_price": 43264.69, "direction": "sell", "amount": 7.5}, {"trade_seq": 170, "trade_id": "209457322", "timestamp": 1649286961974, "tick_direction": 3, "price": 0.0075, "mark_price": 0.00803806, "iv": 80.24, "instrument_name": "BTC-30DEC22-200000-C", "index_price": 43391.97, "direction": "sell", "amount": 10.0}, {"trade_seq": 169, "trade_id": "209457321", "timestamp": 1649286961974, "tick_direction": 3, "price": 0.0075, "mark_price": 0.00803806, "iv": 80.24, "instrument_name": "BTC-30DEC22-200000-C", "index_price": 43391.97, "direction": "sell", "amount": 10.0}, {"trade_seq": 168, "trade_id": "209457320", "timestamp": 1649286961974, "tick_direction": 3, "price": 0.0075, "mark_price": 0.00803806, "iv": 80.24, "instrument_name": "BTC-30DEC22-200000-C", "index_price": 43391.97, "direction": "sell", "amount": 10.0}, {"trade_seq": 167, "trade_id": "209457319", "timestamp": 1649286961974, "tick_direction": 3, "price": 0.0075, "mark_price": 0.00803806, "iv": 80.24, "instrument_name": "BTC-30DEC22-200000-C", "index_price": 43391.97, "direction": "sell", "amount": 10.0}, {"trade_seq": 166, "trade_id": "209457318", "timestamp": 1649286961974, "tick_direction": 2, "price": 0.0075, "mark_price": 0.00803806, "iv": 80.24, "instrument_name": "BTC-30DEC22-200000-C", "index_price": 43391.97, "direction": "sell", "amount": 8.8}, {"trade_seq": 165, "trade_id": "209330746", "timestamp": 1649208885829, "tick_direction": 1, "price": 0.0085, "mark_price": 0.00886189, "iv": 79.91, "instrument_name": "BTC-30DEC22-200000-C", "index_price": 45188.22, "direction": "sell", "amount": 1.0}, {"trade_seq": 164, "trade_id": "209301110", "timestamp": 1649188693111, "tick_direction": 0, "price": 0.0085, "mark_price": 0.00840551, "iv": 79.1, "instrument_name": "BTC-30DEC22-200000-C", "index_price": 45998.42, "direction": "buy", "amount": 1.0}, {"trade_seq": 163, "trade_id": "209185613", "timestamp": 1649067824711, "tick_direction": 2, "price": 0.0075, "mark_price": 0.00811807, "iv": 77.44, "instrument_name": "BTC-30DEC22-200000-C", "index_price": 46015.91, "direction": "sell", "amount": 0.1}, {"trade_seq": 162, "trade_id": "209153442", "timestamp": 1649030340110, "tick_direction": 3, "price": 0.008, "mark_price": 0.00843957, "iv": 77.7, "instrument_name": "BTC-30DEC22-200000-C", "index_price": 46410.0, "direction": "sell", "amount": 3.0}, {"trade_seq": 161, "trade_id": "209153441", "timestamp": 1649030340110, "tick_direction": 3, "price": 0.008, "mark_price": 0.00843957, "iv": 77.7, "instrument_name": "BTC-30DEC22-200000-C", "index_price": 46410.0, "direction": "sell", "amount": 5.0}, {"trade_seq": 160, "trade_id": "208901852", "timestamp": 1648787796332, "tick_direction": 3, "price": 0.008, "mark_price": 0.00849332, "iv": 78.93, "instrument_name": "BTC-30DEC22-200000-C", "index_price": 44720.37, "direction": "sell", "amount": 5.0}, {"trade_seq": 159, "trade_id": "208901851", "timestamp": 1648787796332, "tick_direction": 2, "price": 0.008, "mark_price": 0.00849332, "iv": 78.93, "instrument_name": "BTC-30DEC22-200000-C", "index_price": 44720.37, "direction": "sell", "amount": 10.0}, {"trade_seq": 158, "trade_id": "208858166", "timestamp": 1648762330574, "tick_direction": 3, "price": 0.0085, "mark_price": 0.0090047, "iv": 78.5, "instrument_name": "BTC-30DEC22-200000-C", "index_price": 45860.01, "direction": "sell", "amount": 2.4}, {"trade_seq": 157, "trade_id": "208858165", "timestamp": 1648762330574, "tick_direction": 3, "price": 0.0085, "mark_price": 0.0090047, "iv": 78.5, "instrument_name": "BTC-30DEC22-200000-C", "index_price": 45860.01, "direction": "sell", "amount": 1.1}, {"trade_seq": 156, "trade_id": "208858164", "timestamp": 1648762330574, "tick_direction": 3, "price": 0.0085, "mark_price": 0.0090047, "iv": 78.5, "instrument_name": "BTC-30DEC22-200000-C", "index_price": 45860.01, "direction": "sell", "amount": 10.0}, {"trade_seq": 155, "trade_id": "208858163", "timestamp": 1648762330574, "tick_direction": 3, "price": 0.0085, "mark_price": 0.0090047, "iv": 78.5, "instrument_name": "BTC-30DEC22-200000-C", "index_price": 45860.01, "direction": "sell", "amount": 10.0}, {"trade_seq": 154, "trade_id": "208858162", "timestamp": 1648762330574, "tick_direction": 3, "price": 0.0085, "mark_price": 0.0090047, "iv": 78.5, "instrument_name": "BTC-30DEC22-200000-C", "index_price": 45860.01, "direction": "sell", "amount": 10.0}, {"trade_seq": 153, "trade_id": "208858161", "timestamp": 1648762330574, "tick_direction": 3, "price": 0.0085, "mark_price": 0.0090047, "iv": 78.5, "instrument_name": "BTC-30DEC22-200000-C", "index_price": 45860.01, "direction": "sell", "amount": 10.0}, {"trade_seq": 152, "trade_id": "208858160", "timestamp": 1648762330574, "tick_direction": 3, "price": 0.0085, "mark_price": 0.0090047, "iv": 78.5, "instrument_name": "BTC-30DEC22-200000-C", "index_price": 45860.01, "direction": "sell", "amount": 10.0}, {"trade_seq": 151, "trade_id": "208858159", "timestamp": 1648762330574, "tick_direction": 3, "price": 0.0085, "mark_price": 0.0090047, "iv": 78.5, "instrument_name": "BTC-30DEC22-200000-C", "index_price": 45860.01, "direction": "sell", "amount": 10.0}, {"trade_seq": 150, "trade_id": "208858158", "timestamp": 1648762330574, "tick_direction": 3, "price": 0.0085, "mark_price": 0.0090047, "iv": 78.5, "instrument_name": "BTC-30DEC22-200000-C", "index_price": 45860.01, "direction": "sell", "amount": 10.0}, {"trade_seq": 149, "trade_id": "208858157", "timestamp": 1648762330574, "tick_direction": 3, "price": 0.0085, "mark_price": 0.0090047, "iv": 78.5, "instrument_name": "BTC-30DEC22-200000-C", "index_price": 45860.01, "direction": "sell", "amount": 3.0}, {"trade_seq": 148, "trade_id": "208857876", "timestamp": 1648762203268, "tick_direction": 2, "price": 0.0085, "mark_price": 0.00901299, "iv": 78.5, "instrument_name": "BTC-30DEC22-200000-C", "index_price": 45857.58, "direction": "sell", "amount": 2.0}, {"trade_seq": 147, "trade_id": "208831255", "timestamp": 1648743033621, "tick_direction": 1, "price": 0.009, "mark_price": 0.00897327, "iv": 78.73, "instrument_name": "BTC-30DEC22-200000-C", "index_price": 46332.45, "direction": "buy", "amount": 0.5}, {"trade_seq": 146, "trade_id": "208830873", "timestamp": 1648742964934, "tick_direction": 0, "price": 0.009, "mark_price": 0.00890935, "iv": 78.81, "instrument_name": "BTC-30DEC22-200000-C", "index_price": 46247.49, "direction": "buy", "amount": 1.6}, {"trade_seq": 145, "trade_id": "208814566", "timestamp": 1648735296099, "tick_direction": 3, "price": 0.0085, "mark_price": 0.00871097, "iv": 77.78, "instrument_name": "BTC-30DEC22-200000-C", "index_price": 46631.77, "direction": "sell", "amount": 5.0}, {"trade_seq": 144, "trade_id": "208814565", "timestamp": 1648735296099, "tick_direction": 2, "price": 0.0085, "mark_price": 0.00871097, "iv": 77.78, "instrument_name": "BTC-30DEC22-200000-C", "index_price": 46631.77, "direction": "sell", "amount": 10.0}, {"trade_seq": 143, "trade_id": "208803939", "timestamp": 1648724909344, "tick_direction": 1, "price": 0.009, "mark_price": 0.00901879, "iv": 77.87, "instrument_name": "BTC-30DEC22-200000-C", "index_price": 47246.03, "direction": "buy", "amount": 1.6}, {"trade_seq": 142, "trade_id": "208802225", "timestamp": 1648721158881, "tick_direction": 1, "price": 0.009, "mark_price": 0.0087503, "iv": 77.8, "instrument_name": "BTC-30DEC22-200000-C", "index_price": 47358.97, "direction": "buy", "amount": 0.5}, {"trade_seq": 141, "trade_id": "208802224", "timestamp": 1648721158881, "tick_direction": 0, "price": 0.009, "mark_price": 0.0087503, "iv": 77.8, "instrument_name": "BTC-30DEC22-200000-C", "index_price": 47358.97, "direction": "buy", "amount": 1.0}, {"trade_seq": 140, "trade_id": "208799721", "timestamp": 1648717967660, "tick_direction": 0, "price": 0.0085, "mark_price": 0.00804804, "iv": 77.23, "instrument_name": "BTC-30DEC22-200000-C", "index_price": 47241.4, "direction": "buy", "amount": 10.0}, {"trade_seq": 139, "trade_id": "208794132", "timestamp": 1648712958816, "tick_direction": 1, "price": 0.008, "mark_price": 0.00727909, "iv": 76.62, "instrument_name": "BTC-30DEC22-200000-C", "index_price": 47144.41, "direction": "sell", "amount": 8.9}, {"trade_seq": 138, "trade_id": "208794131", "timestamp": 1648712958813, "tick_direction": 1, "price": 0.008, "mark_price": 0.00727909, "iv": 76.62, "instrument_name": "BTC-30DEC22-200000-C", "index_price": 47144.41, "direction": "buy", "amount": 1.1}, {"trade_seq": 137, "trade_id": "208794130", "timestamp": 1648712957247, "tick_direction": 1, "price": 0.008, "mark_price": 0.00727542, "iv": 76.62, "instrument_name": "BTC-30DEC22-200000-C", "index_price": 47144.1, "direction": "buy", "amount": 10.0}, {"trade_seq": 136, "trade_id": "208794126", "timestamp": 1648712955381, "tick_direction": 1, "price": 0.008, "mark_price": 0.00727354, "iv": 76.62, "instrument_name": "BTC-30DEC22-200000-C", "index_price": 47144.22, "direction": "buy", "amount": 8.8}, {"trade_seq": 135, "trade_id": "208794125", "timestamp": 1648712955381, "tick_direction": 0, "price": 0.008, "mark_price": 0.00727354, "iv": 76.62, "instrument_name": "BTC-30DEC22-200000-C", "index_price": 47144.22, "direction": "buy", "amount": 1.2}, {"trade_seq": 134, "trade_id": "208794112", "timestamp": 1648712942676, "tick_direction": 1, "price": 0.0075, "mark_price": 0.00724707, "iv": 75.9, "instrument_name": "BTC-30DEC22-200000-C", "index_price": 47141.65, "direction": "buy", "amount": 1.0}, {"trade_seq": 133, "trade_id": "208794111", "timestamp": 1648712942676, "tick_direction": 0, "price": 0.0075, "mark_price": 0.00724707, "iv": 75.9, "instrument_name": "BTC-30DEC22-200000-C", "index_price": 47141.65, "direction": "buy", "amount": 0.1}, {"trade_seq": 132, "trade_id": "208716857", "timestamp": 1648606748117, "tick_direction": 3, "price": 0.007, "mark_price": 0.00727284, "iv": 74.96, "instrument_name": "BTC-30DEC22-200000-C", "index_price": 47083.25, "direction": "sell", "amount": 1.8}, {"trade_seq": 131, "trade_id": "208711045", "timestamp": 1648604631271, "tick_direction": 3, "price": 0.007, "mark_price": 0.00747652, "iv": 75.37, "instrument_name": "BTC-30DEC22-200000-C", "index_price": 46628.71, "direction": "sell", "amount": 4.8}, {"trade_seq": 130, "trade_id": "208711044", "timestamp": 1648604631271, "tick_direction": 2, "price": 0.007, "mark_price": 0.00747652, "iv": 75.37, "instrument_name": "BTC-30DEC22-200000-C", "index_price": 46628.71, "direction": "sell", "amount": 10.0}, {"trade_seq": 129, "trade_id": "208708613", "timestamp": 1648604544491, "tick_direction": 1, "price": 0.0075, "mark_price": 0.00771018, "iv": 75.82, "instrument_name": "BTC-30DEC22-200000-C", "index_price": 46978.44, "direction": "sell", "amount": 0.1}, {"trade_seq": 128, "trade_id": "208642883", "timestamp": 1648540854016, "tick_direction": 0, "price": 0.0075, "mark_price": 0.00774148, "iv": 75.31, "instrument_name": "BTC-30DEC22-200000-C", "index_price": 47384.55, "direction": "sell", "amount": 1.0}, {"trade_seq": 127, "trade_id": "208370981", "timestamp": 1648227051965, "tick_direction": 2, "price": 0.0065, "mark_price": 0.00676664, "iv": 76.23, "instrument_name": "BTC-30DEC22-200000-C", "index_price": 44308.82, "direction": "sell", "amount": 5.0}