{"trades": [{"trade_seq": 29, "trade_id": "138540936", "timestamp": 1616631677153, "tick_direction": 2, "price": 0.906, "mark_price": 0.90537593, "iv": 500.0, "instrument_name": "BTC-26MAR21-5000-C", "index_price": 52685.83, "direction": "buy", "amount": 0.1}, {"trade_seq": 28, "trade_id": "138079758", "timestamp": 1616542645178, "tick_direction": 2, "price": 0.9075, "mark_price": 0.90845123, "iv": 0.0, "instrument_name": "BTC-26MAR21-5000-C", "index_price": 54537.47, "direction": "sell", "amount": 13.1}, {"trade_seq": 27, "trade_id": "136818740", "timestamp": 1616025659752, "tick_direction": 1, "price": 0.9175, "mark_price": 0.91592962, "iv": 500.0, "instrument_name": "BTC-26MAR21-5000-C", "index_price": 59225.28, "direction": "buy", "amount": 0.1}, {"trade_seq": 26, "trade_id": "136818263", "timestamp": 1616025632358, "tick_direction": 0, "price": 0.9175, "mark_price": 0.91569905, "iv": 500.0, "instrument_name": "BTC-26MAR21-5000-C", "index_price": 59051.84, "direction": "buy", "amount": 0.1}, {"trade_seq": 25, "trade_id": "135153838", "timestamp": 1615507927953, "tick_direction": 0, "price": 0.917, "mark_price": 0.91456734, "iv": 500.0, "instrument_name": "BTC-26MAR21-5000-C", "index_price": 57709.83, "direction": "buy", "amount": 0.1}, {"trade_seq": 24, "trade_id": "130471580", "timestamp": 1614071549955, "tick_direction": 2, "price": 0.893, "mark_price": 0.8936916, "iv": 0.0, "instrument_name": "BTC-26MAR21-5000-C", "index_price": 45707.86, "direction": "buy", "amount": 0.2}, {"trade_seq": 23, "trade_id": "127699879", "timestamp": 1613335160148, "tick_direction": 3, "price": 0.903, "mark_price": 0.90196828, "iv": 307.4, "instrument_name": "BTC-26MAR21-5000-C", "index_price": 48915.24, "direction": "sell", "amount": 1.0}, {"trade_seq": 22, "trade_id": "127699878", "timestamp": 1613335160142, "tick_direction": 2, "price": 0.903, "mark_price": 0.90196828, "iv": 307.4, "instrument_name": "BTC-26MAR21-5000-C", "index_price": 48915.24, "direction": "sell", "amount": 14.0}, {"trade_seq": 21, "trade_id": "127697999", "timestamp": 1613333432619, "tick_direction": 1, "price": 0.9035, "mark_price": 0.90214527, "iv": 318.95, "instrument_name": "BTC-26MAR21-5000-C", "index_price": 48992.68, "direction": "buy", "amount": 0.2}, {"trade_seq": 20, "trade_id": "127697998", "timestamp": 1613333432619, "tick_direction": 1, "price": 0.9035, "mark_price": 0.90214527, "iv": 318.95, "instrument_name": "BTC-26MAR21-5000-C", "index_price": 48992.68, "direction": "buy", "amount": 13.0}, {"trade_seq": 19, "trade_id": "127697953", "timestamp": 1613333370366, "tick_direction": 0, "price": 0.9035, "mark_price": 0.90209331, "iv": 320.62, "instrument_name": "BTC-26MAR21-5000-C", "index_price": 48966.18, "direction": "buy", "amount": 0.2}, {"trade_seq": 18, "trade_id": "122764300", "timestamp": 1611875862095, "tick_direction": 0, "price": 0.854, "mark_price": 0.85454073, "iv": 0.0, "instrument_name": "BTC-26MAR21-5000-C", "index_price": 33795.44, "direction": "buy", "amount": 0.1}, {"trade_seq": 17, "trade_id": "105515611", "timestamp": 1606825711975, "tick_direction": 0, "price": 0.747, "mark_price": 0.74672623, "iv": 114.26, "instrument_name": "BTC-26MAR21-5000-C", "index_price": 18873.17, "direction": "sell", "amount": 0.1}, {"trade_seq": 16, "trade_id": "102976890", "timestamp": 1606093277105, "tick_direction": 0, "price": 0.7335, "mark_price": 0.73354504, "iv": 106.72, "instrument_name": "BTC-26MAR21-5000-C", "index_price": 18104.04, "direction": "sell", "amount": 0.1}, {"trade_seq": 15, "trade_id": "100204171", "timestamp": 1604950276575, "tick_direction": 0, "price": 0.6895, "mark_price": 0.69040282, "iv": 96.6, "instrument_name": "BTC-26MAR21-5000-C", "index_price": 15457.42, "direction": "buy", "amount": 0.1}, {"trade_seq": 14, "trade_id": "98982064", "timestamp": 1604578415085, "tick_direction": 0, "price": 0.672, "mark_price": 0.67336945, "iv": 86.4, "instrument_name": "BTC-26MAR21-5000-C", "index_price": 14656.0, "direction": "sell", "amount": 3.0}, {"trade_seq": 13, "trade_id": "94790021", "timestamp": 1602224479530, "tick_direction": 0, "price": 0.5575, "mark_price": 0.56099366, "iv": 67.33, "instrument_name": "BTC-26MAR21-5000-C", "index_price": 10852.93, "direction": "sell", "amount": 4.0}, {"trade_seq": 12, "trade_id": "94790007", "timestamp": 1602224439079, "tick_direction": 1, "price": 0.553, "mark_price": 0.5610022, "iv": 43.69, "instrument_name": "BTC-26MAR21-5000-C", "index_price": 10852.21, "direction": "sell", "amount": 7.9}, {"trade_seq": 11, "trade_id": "94790006", "timestamp": 1602224439079, "tick_direction": 1, "price": 0.553, "mark_price": 0.5610022, "iv": 43.69, "instrument_name": "BTC-26MAR21-5000-C", "index_price": 10852.21, "direction": "sell", "amount": 0.1}, {"trade_seq": 10, "trade_id": "94790005", "timestamp": 1602224427522, "tick_direction": 0, "price": 0.553, "mark_price": 0.56099686, "iv": 43.78, "instrument_name": "BTC-26MAR21-5000-C", "index_price": 10851.96, "direction": "sell", "amount": 8.0}, {"trade_seq": 9, "trade_id": "94374573", "timestamp": 1601806710545, "tick_direction": 0, "price": 0.5405, "mark_price": 0.54875725, "iv": 38.92, "instrument_name": "BTC-26MAR21-5000-C", "index_price": 10590.75, "direction": "sell", "amount": 3.0}, {"trade_seq": 8, "trade_id": "93462326", "timestamp": 1600913505173, "tick_direction": 2, "price": 0.5275, "mark_price": 0.5404809, "iv": 45.99, "instrument_name": "BTC-26MAR21-5000-C", "index_price": 10304.43, "direction": "sell", "amount": 10.0}, {"trade_seq": 7, "trade_id": "93370966", "timestamp": 1600854585325, "tick_direction": 0, "price": 0.534, "mark_price": 0.54692257, "iv": 41.81, "instrument_name": "BTC-26MAR21-5000-C", "index_price": 10465.53, "direction": "sell", "amount": 2.5}, {"trade_seq": 6, "trade_id": "92319665", "timestamp": 1599902023619, "tick_direction": 1, "price": 0.529, "mark_price": 0.54700752, "iv": 35.49, "instrument_name": "BTC-26MAR21-5000-C", "index_price": 10344.81, "direction": "sell", "amount": 3.0}, {"trade_seq": 5, "trade_id": "92319663", "timestamp": 1599902014505, "tick_direction": 0, "price": 0.529, "mark_price": 0.5470139, "iv": 35.18, "instrument_name": "BTC-26MAR21-5000-C", "index_price": 10344.92, "direction": "sell", "amount": 3.0}, {"trade_seq": 4, "trade_id": "91443962", "timestamp": 1599324964623, "tick_direction": 2, "price": 0.5265, "mark_price": 0.54513406, "iv": 53.69, "instrument_name": "BTC-26MAR21-5000-C", "index_price": 10197.3, "direction": "sell", "amount": 1.5}, {"trade_seq": 3, "trade_id": "85534750", "timestamp": 1595855979394, "tick_direction": 3, "price": 0.556, "mark_price": 0.55665399, "iv": 67.84, "instrument_name": "BTC-26MAR21-5000-C", "index_price": 10337.62, "direction": "sell", "amount": 0.2}, {"trade_seq": 2, "trade_id": "85534143", "timestamp": 1595855806183, "tick_direction": 2, "price": 0.556, "mark_price": 0.55628527, "iv": 68.51, "instrument_name": "BTC-26MAR21-5000-C", "index_price": 10322.76, "direction": "sell", "amount": 0.2}, {"trade_seq": 1, "trade_id": "85528679", "timestamp": 1595854228320, "tick_direction": 1, "price": 0.5585, "mark_price": 0.55677266, "iv": 71.79, "instrument_name": "BTC-26MAR21-5000-C", "index_price": 10310.3, "direction": "sell", "amount": 0.2}], "has_more": false}