{"trades": [{"trade_seq": 10063, "trade_id": "197259465", "timestamp": 1640937371488, "tick_direction": 3, "price": 0.0005, "mark_price": 0.0, "iv": 500.0, "instrument_name": "BTC-31DEC21-80000-C", "index_price": 46974.55, "direction": "buy", "amount": 0.1}, {"trade_seq": 10062, "trade_id": "197139474", "timestamp": 1640870029213, "tick_direction": 3, "price": 0.0005, "mark_price": 0.0, "iv": 446.68, "instrument_name": "BTC-31DEC21-80000-C", "index_price": 47465.43, "direction": "buy", "amount": 5.8}, {"trade_seq": 10061, "trade_id": "197139473", "timestamp": 1640870029213, "tick_direction": 3, "price": 0.0005, "mark_price": 0.0, "iv": 446.68, "instrument_name": "BTC-31DEC21-80000-C", "index_price": 47465.43, "direction": "buy", "amount": 0.1}, {"trade_seq": 10060, "trade_id": "197139472", "timestamp": 1640870029213, "tick_direction": 3, "price": 0.0005, "mark_price": 0.0, "iv": 446.68, "instrument_name": "BTC-31DEC21-80000-C", "index_price": 47465.43, "direction": "buy", "amount": 0.1}, {"trade_seq": 10059, "trade_id": "197139471", "timestamp": 1640870029213, "tick_direction": 3, "price": 0.0005, "mark_price": 0.0, "iv": 446.68, "instrument_name": "BTC-31DEC21-80000-C", "index_price": 47465.43, "direction": "buy", "amount": 1.0}, {"trade_seq": 10058, "trade_id": "197139464", "timestamp": 1640870020741, "tick_direction": 3, "price": 0.0005, "mark_price": 0.0, "iv": 446.66, "instrument_name": "BTC-31DEC21-80000-C", "index_price": 47467.12, "direction": "buy", "amount": 1.0}, {"trade_seq": 10057, "trade_id": "197139261", "timestamp": 1640869925701, "tick_direction": 3, "price": 0.0005, "mark_price": 0.0, "iv": 445.08, "instrument_name": "BTC-31DEC21-80000-C", "index_price": 47533.0, "direction": "buy", "amount": 1.0}, {"trade_seq": 10056, "trade_id": "196251459", "timestamp": 1640288284189, "tick_direction": 3, "price": 0.0005, "mark_price": 0.00027377, "iv": 126.45, "instrument_name": "BTC-31DEC21-80000-C", "index_price": 50991.16, "direction": "buy", "amount": 1.0}, {"trade_seq": 10055, "trade_id": "196217418", "timestamp": 1640276841207, "tick_direction": 3, "price": 0.0005, "mark_price": 0.0001243, "iv": 135.98, "instrument_name": "BTC-31DEC21-80000-C", "index_price": 48784.43, "direction": "buy", "amount": 6.8}, {"trade_seq": 10054, "trade_id": "196217417", "timestamp": 1640276841207, "tick_direction": 3, "price": 0.0005, "mark_price": 0.0001243, "iv": 135.98, "instrument_name": "BTC-31DEC21-80000-C", "index_price": 48784.43, "direction": "buy", "amount": 1.0}, {"trade_seq": 10053, "trade_id": "196217416", "timestamp": 1640276841207, "tick_direction": 3, "price": 0.0005, "mark_price": 0.0001243, "iv": 135.98, "instrument_name": "BTC-31DEC21-80000-C", "index_price": 48784.43, "direction": "buy", "amount": 15.0}, {"trade_seq": 10052, "trade_id": "196217415", "timestamp": 1640276841207, "tick_direction": 3, "price": 0.0005, "mark_price": 0.0001243, "iv": 135.98, "instrument_name": "BTC-31DEC21-80000-C", "index_price": 48784.43, "direction": "buy", "amount": 0.2}, {"trade_seq": 10051, "trade_id": "196217414", "timestamp": 1640276841207, "tick_direction": 3, "price": 0.0005, "mark_price": 0.0001243, "iv": 135.98, "instrument_name": "BTC-31DEC21-80000-C", "index_price": 48784.43, "direction": "buy", "amount": 3.0}, {"trade_seq": 10050, "trade_id": "196217413", "timestamp": 1640276841207, "tick_direction": 3, "price": 0.0005, "mark_price": 0.0001243, "iv": 135.98, "instrument_name": "BTC-31DEC21-80000-C", "index_price": 48784.43, "direction": "buy", "amount": 4.0}, {"trade_seq": 10049, "trade_id": "196217412", "timestamp": 1640276841207, "tick_direction": 3, "price": 0.0005, "mark_price": 0.0001243, "iv": 135.98, "instrument_name": "BTC-31DEC21-80000-C", "index_price": 48784.43, "direction": "buy", "amount": 3.0}, {"trade_seq": 10048, "trade_id": "196026982", "timestamp": 1640081266657, "tick_direction": 3, "price": 0.0005, "mark_price": 0.00042334, "iv": 120.12, "instrument_name": "BTC-31DEC21-80000-C", "index_price": 48609.11, "direction": "buy", "amount": 1.0}, {"trade_seq": 10047, "trade_id": "196023883", "timestamp": 1640078370141, "tick_direction": 3, "price": 0.0005, "mark_price": 0.0004187, "iv": 120.26, "instrument_name": "BTC-31DEC21-80000-C", "index_price": 48518.15, "direction": "buy", "amount": 0.1}, {"trade_seq": 10046, "trade_id": "196023679", "timestamp": 1640078234866, "tick_direction": 3, "price": 0.0005, "mark_price": 0.00041887, "iv": 120.25, "instrument_name": "BTC-31DEC21-80000-C", "index_price": 48526.67, "direction": "buy", "amount": 0.1}, {"trade_seq": 10045, "trade_id": "196022782", "timestamp": 1640077890700, "tick_direction": 3, "price": 0.0005, "mark_price": 0.00043708, "iv": 119.69, "instrument_name": "BTC-31DEC21-80000-C", "index_price": 48625.2, "direction": "buy", "amount": 0.5}, {"trade_seq": 10044, "trade_id": "195979087", "timestamp": 1640059438330, "tick_direction": 3, "price": 0.0005, "mark_price": 0.00044399, "iv": 119.84, "instrument_name": "BTC-31DEC21-80000-C", "index_price": 48246.58, "direction": "buy", "amount": 3.1}, {"trade_seq": 10043, "trade_id": "195979086", "timestamp": 1640059438330, "tick_direction": 3, "price": 0.0005, "mark_price": 0.00044399, "iv": 119.84, "instrument_name": "BTC-31DEC21-80000-C", "index_price": 48246.58, "direction": "buy", "amount": 0.5}, {"trade_seq": 10042, "trade_id": "195979085", "timestamp": 1640059438330, "tick_direction": 3, "price": 0.0005, "mark_price": 0.00044399, "iv": 119.84, "instrument_name": "BTC-31DEC21-80000-C", "index_price": 48246.58, "direction": "buy", "amount": 1.4}, {"trade_seq": 10041, "trade_id": "195979084", "timestamp": 1640059438330, "tick_direction": 2, "price": 0.0005, "mark_price": 0.00044399, "iv": 119.84, "instrument_name": "BTC-31DEC21-80000-C", "index_price": 48246.58, "direction": "buy", "amount": 1.0}, {"trade_seq": 10040, "trade_id": "195877428", "timestamp": 1639995948645, "tick_direction": 1, "price": 0.001, "mark_price": 0.00027146, "iv": 136.16, "instrument_name": "BTC-31DEC21-80000-C", "index_price": 46005.74, "direction": "buy", "amount": 0.9}, {"trade_seq": 10039, "trade_id": "195877055", "timestamp": 1639995879551, "tick_direction": 0, "price": 0.001, "mark_price": 0.00026763, "iv": 136.24, "instrument_name": "BTC-31DEC21-80000-C", "index_price": 45992.13, "direction": "buy", "amount": 0.8}, {"trade_seq": 10038, "trade_id": "195873223", "timestamp": 1639993546990, "tick_direction": 1, "price": 0.0005, "mark_price": 0.00011016, "iv": 125.25, "instrument_name": "BTC-31DEC21-80000-C", "index_price": 45999.84, "direction": "buy", "amount": 3.0}, {"trade_seq": 10037, "trade_id": "195854422", "timestamp": 1639982328321, "tick_direction": 1, "price": 0.0005, "mark_price": 0.00013463, "iv": 123.06, "instrument_name": "BTC-31DEC21-80000-C", "index_price": 46342.43, "direction": "buy", "amount": 15.0}, {"trade_seq": 10036, "trade_id": "195854421", "timestamp": 1639982328321, "tick_direction": 1, "price": 0.0005, "mark_price": 0.00013463, "iv": 123.06, "instrument_name": "BTC-31DEC21-80000-C", "index_price": 46342.43, "direction": "buy", "amount": 9.0}, {"trade_seq": 10035, "trade_id": "195854360", "timestamp": 1639982267651, "tick_direction": 1, "price": 0.0005, "mark_price": 0.00013329, "iv": 123.17, "instrument_name": "BTC-31DEC21-80000-C", "index_price": 46325.48, "direction": "buy", "amount": 15.0}, {"trade_seq": 10034, "trade_id": "195854359", "timestamp": 1639982267651, "tick_direction": 1, "price": 0.0005, "mark_price": 0.00013329, "iv": 123.17, "instrument_name": "BTC-31DEC21-80000-C", "index_price": 46325.48, "direction": "buy", "amount": 3.0}, {"trade_seq": 10033, "trade_id": "195854358", "timestamp": 1639982267651, "tick_direction": 1, "price": 0.0005, "mark_price": 0.00013329, "iv": 123.17, "instrument_name": "BTC-31DEC21-80000-C", "index_price": 46325.48, "direction": "buy", "amount": 4.0}, {"trade_seq": 10032, "trade_id": "195854357", "timestamp": 1639982267651, "tick_direction": 1, "price": 0.0005, "mark_price": 0.00013329, "iv": 123.17, "instrument_name": "BTC-31DEC21-80000-C", "index_price": 46325.48, "direction": "buy", "amount": 0.5}, {"trade_seq": 10031, "trade_id": "195854356", "timestamp": 1639982267651, "tick_direction": 1, "price": 0.0005, "mark_price": 0.00013329, "iv": 123.17, "instrument_name": "BTC-31DEC21-80000-C", "index_price": 46325.48, "direction": "buy", "amount": 7.0}, {"trade_seq": 10030, "trade_id": "195854355", "timestamp": 1639982267651, "tick_direction": 0, "price": 0.0005, "mark_price": 0.00013329, "iv": 123.17, "instrument_name": "BTC-31DEC21-80000-C", "index_price": 46325.48, "direction": "buy", "amount": 4.0}, {"trade_seq": 10029, "trade_id": "195806197", "timestamp": 1639951260484, "tick_direction": 2, "price": 0.0002, "mark_price": 0.00018175, "iv": 108.79, "instrument_name": "BTC-31DEC21-80000-C", "index_price": 46685.03, "direction": "sell", "block_trade_id": "27743", "amount": 10.0}, {"trade_seq": 10028, "trade_id": "195794500", "timestamp": 1639939983994, "tick_direction": 3, "price": 0.0005, "mark_price": 0.0002242, "iv": 117.32, "instrument_name": "BTC-31DEC21-80000-C", "index_price": 47081.35, "direction": "buy", "amount": 0.8}, {"trade_seq": 10027, "trade_id": "195780964", "timestamp": 1639923371681, "tick_direction": 3, "price": 0.0005, "mark_price": 0.00023053, "iv": 115.7, "instrument_name": "BTC-31DEC21-80000-C", "index_price": 47264.07, "direction": "buy", "amount": 0.2}, {"trade_seq": 10026, "trade_id": "195780963", "timestamp": 1639923371681, "tick_direction": 3, "price": 0.0005, "mark_price": 0.00023053, "iv": 115.7, "instrument_name": "BTC-31DEC21-80000-C", "index_price": 47264.07, "direction": "buy", "amount": 3.8}, {"trade_seq": 10025, "trade_id": "195745152", "timestamp": 1639894274796, "tick_direction": 3, "price": 0.0005, "mark_price": 0.00030304, "iv": 112.58, "instrument_name": "BTC-31DEC21-80000-C", "index_price": 47627.16, "direction": "buy", "amount": 1.0}, {"trade_seq": 10024, "trade_id": "195730999", "timestamp": 1639884482349, "tick_direction": 3, "price": 0.0005, "mark_price": 0.00034516, "iv": 111.07, "instrument_name": "BTC-31DEC21-80000-C", "index_price": 47857.72, "direction": "buy", "amount": 0.2}, {"trade_seq": 10023, "trade_id": "195730998", "timestamp": 1639884482349, "tick_direction": 3, "price": 0.0005, "mark_price": 0.00034516, "iv": 111.07, "instrument_name": "BTC-31DEC21-80000-C", "index_price": 47857.72, "direction": "buy", "amount": 2.8}, {"trade_seq": 10022, "trade_id": "195524471", "timestamp": 1639754409468, "tick_direction": 3, "price": 0.0005, "mark_price": 0.0002888, "iv": 113.07, "instrument_name": "BTC-31DEC21-80000-C", "index_price": 45723.15, "direction": "buy", "amount": 0.2}, {"trade_seq": 10021, "trade_id": "195524470", "timestamp": 1639754409468, "tick_direction": 3, "price": 0.0005, "mark_price": 0.0002888, "iv": 113.07, "instrument_name": "BTC-31DEC21-80000-C", "index_price": 45723.15, "direction": "buy", "amount": 0.7}, {"trade_seq": 10020, "trade_id": "195518437", "timestamp": 1639753395615, "tick_direction": 3, "price": 0.0005, "mark_price": 0.00029053, "iv": 112.97, "instrument_name": "BTC-31DEC21-80000-C", "index_price": 45724.29, "direction": "buy", "amount": 0.3}, {"trade_seq": 10019, "trade_id": "195478194", "timestamp": 1639739978139, "tick_direction": 3, "price": 0.0005, "mark_price": 0.00071948, "iv": 106.99, "instrument_name": "BTC-31DEC21-80000-C", "index_price": 47140.65, "direction": "sell", "amount": 0.1}, {"trade_seq": 10018, "trade_id": "195478193", "timestamp": 1639739978139, "tick_direction": 3, "price": 0.0005, "mark_price": 0.00071948, "iv": 106.99, "instrument_name": "BTC-31DEC21-80000-C", "index_price": 47140.65, "direction": "sell", "amount": 2.8}, {"trade_seq": 10017, "trade_id": "195478192", "timestamp": 1639739969225, "tick_direction": 3, "price": 0.0005, "mark_price": 0.00071955, "iv": 106.99, "instrument_name": "BTC-31DEC21-80000-C", "index_price": 47139.62, "direction": "sell", "amount": 4.2}, {"trade_seq": 10016, "trade_id": "195478191", "timestamp": 1639739969225, "tick_direction": 3, "price": 0.0005, "mark_price": 0.00071955, "iv": 106.99, "instrument_name": "BTC-31DEC21-80000-C", "index_price": 47139.62, "direction": "sell", "amount": 0.8}, {"trade_seq": 10015, "trade_id": "195478190", "timestamp": 1639739962344, "tick_direction": 3, "price": 0.0005, "mark_price": 0.00071914, "iv": 107.0, "instrument_name": "BTC-31DEC21-80000-C", "index_price": 47136.89, "direction": "sell", "amount": 0.2}, {"trade_seq": 10014, "trade_id": "195478189", "timestamp": 1639739962344, "tick_direction": 3, "price": 0.0005, "mark_price": 0.00071914, "iv": 107.0, "instrument_name": "BTC-31DEC21-80000-C", "index_price": 47136.89, "direction": "sell", "amount": 4.8}, {"trade_seq": 10013, "trade_id": "195477485", "timestamp": 1639739409840, "tick_direction": 3, "price": 0.0005, "mark_price": 0.00074182, "iv": 106.89, "instrument_name": "BTC-31DEC21-80000-C", "index_price": 47163.82, "direction": "sell", "amount": 1.0}, {"trade_seq": 10012, "trade_id": "195477425", "timestamp": 1639739384415, "tick_direction": 3, "price": 0.0005, "mark_price": 0.00073756, "iv": 106.98, "instrument_name": "BTC-31DEC21-80000-C", "index_price": 47143.7, "direction": "sell", "amount": 1.0}, {"trade_seq": 10011, "trade_id": "195477068", "timestamp": 1639739147717, "tick_direction": 3, "price": 0.0005, "mark_price": 0.00071871, "iv": 107.54, "instrument_name": "BTC-31DEC21-80000-C", "index_price": 47003.92, "direction": "sell", "amount": 5.0}, {"trade_seq": 10010, "trade_id": "195477048", "timestamp": 1639739128732, "tick_direction": 3, "price": 0.0005, "mark_price": 0.00071855, "iv": 107.54, "instrument_name": "BTC-31DEC21-80000-C", "index_price": 46995.02, "direction": "sell", "amount": 5.0}, {"trade_seq": 10009, "trade_id": "195476916", "timestamp": 1639739094123, "tick_direction": 3, "price": 0.0005, "mark_price": 0.00072454, "iv": 107.44, "instrument_name": "BTC-31DEC21-80000-C", "index_price": 47008.91, "direction": "sell", "amount": 3.2}, {"trade_seq": 10008, "trade_id": "195476915", "timestamp": 1639739094123, "tick_direction": 3, "price": 0.0005, "mark_price": 0.00072454, "iv": 107.44, "instrument_name": "BTC-31DEC21-80000-C", "index_price": 47008.91, "direction": "sell", "amount": 0.1}, {"trade_seq": 10007, "trade_id": "195476914", "timestamp": 1639739094123, "tick_direction": 3, "price": 0.0005, "mark_price": 0.00072454, "iv": 107.44, "instrument_name": "BTC-31DEC21-80000-C", "index_price": 47008.91, "direction": "sell", "amount": 1.7}, {"trade_seq": 10006, "trade_id": "195451688", "timestamp": 1639726317868, "tick_direction": 3, "price": 0.0005, "mark_price": 0.00070666, "iv": 107.19, "instrument_name": "BTC-31DEC21-80000-C", "index_price": 46936.89, "direction": "sell", "amount": 0.8}, {"trade_seq": 10005, "trade_id": "195451687", "timestamp": 1639726317868, "tick_direction": 3, "price": 0.0005, "mark_price": 0.00070666, "iv": 107.19, "instrument_name": "BTC-31DEC21-80000-C", "index_price": 46936.89, "direction": "sell", "amount": 1.0}, {"trade_seq": 10004, "trade_id": "195451686", "timestamp": 1639726317868, "tick_direction": 3, "price": 0.0005, "mark_price": 0.00070666, "iv": 107.19, "instrument_name": "BTC-31DEC21-80000-C", "index_price": 46936.89, "direction": "sell", "amount": 28.0}, {"trade_seq": 10003, "trade_id": "195451685", "timestamp": 1639726317868, "tick_direction": 3, "price": 0.0005, "mark_price": 0.00070666, "iv": 107.19, "instrument_name": "BTC-31DEC21-80000-C", "index_price": 46936.89, "direction": "sell", "amount": 0.2}, {"trade_seq": 10002, "trade_id": "195451684", "timestamp": 1639726317868, "tick_direction": 3, "price": 0.0005, "mark_price": 0.00070666, "iv": 107.19, "instrument_name": "BTC-31DEC21-80000-C", "index_price": 46936.89, "direction": "sell", "amount": 20.0}, {"trade_seq": 10001, "trade_id": "195451339", "timestamp": 1639726242042, "tick_direction": 3, "price": 0.0005, "mark_price": 0.00071011, "iv": 107.03, "instrument_name": "BTC-31DEC21-80000-C", "index_price": 46975.32, "direction": "sell", "amount": 5.0}, {"trade_seq": 10000, "trade_id": "195451338", "timestamp": 1639726242042, "tick_direction": 3, "price": 0.0005, "mark_price": 0.00071011, "iv": 107.03, "instrument_name": "BTC-31DEC21-80000-C", "index_price": 46975.32, "direction": "sell", "amount": 1.0}, {"trade_seq": 9999, "trade_id": "195451337", "timestamp": 1639726242042, "tick_direction": 3, "price": 0.0005, "mark_price": 0.00071011, "iv": 107.03, "instrument_name": "BTC-31DEC21-80000-C", "index_price": 46975.32, "direction": "sell", "amount": 1.8}, {"trade_seq": 9998, "trade_id": "195451336", "timestamp": 1639726242042, "tick_direction": 3, "price": 0.0005, "mark_price": 0.00071011, "iv": 107.03, "instrument_name": "BTC-31DEC21-80000-C", "index_price": 46975.32, "direction": "sell", "amount": 2.2}, {"trade_seq": 9997, "trade_id": "195449591", "timestamp": 1639725644026, "tick_direction": 3, "price": 0.0005, "mark_price": 0.00072114, "iv": 106.9, "instrument_name": "BTC-31DEC21-80000-C", "index_price": 47001.5, "direction": "sell", "amount": 1.0}, {"trade_seq": 9996, "trade_id": "195439892", "timestamp": 1639720628224, "tick_direction": 3, "price": 0.0005, "mark_price": 0.00071989, "iv": 104.13, "instrument_name": "BTC-31DEC21-80000-C", "index_price": 47685.07, "direction": "sell", "amount": 1.0}, {"trade_seq": 9995, "trade_id": "195439816", "timestamp": 1639720497327, "tick_direction": 3, "price": 0.0005, "mark_price": 0.0007297, "iv": 103.99, "instrument_name": "BTC-31DEC21-80000-C", "index_price": 47702.35, "direction": "sell", "amount": 0.8}, {"trade_seq": 9994, "trade_id": "195439815", "timestamp": 1639720497327, "tick_direction": 3, "price": 0.0005, "mark_price": 0.0007297, "iv": 103.99, "instrument_name": "BTC-31DEC21-80000-C", "index_price": 47702.35, "direction": "sell", "amount": 1.2}, {"trade_seq": 9993, "trade_id": "195434438", "timestamp": 1639714582681, "tick_direction": 3, "price": 0.0005, "mark_price": 0.00072346, "iv": 103.04, "instrument_name": "BTC-31DEC21-80000-C", "index_price": 47901.15, "direction": "sell", "amount": 1.0}, {"trade_seq": 9992, "trade_id": "195414446", "timestamp": 1639692609957, "tick_direction": 3, "price": 0.0005, "mark_price": 0.00067897, "iv": 103.35, "instrument_name": "BTC-31DEC21-80000-C", "index_price": 47612.78, "direction": "sell", "amount": 0.1}, {"trade_seq": 9991, "trade_id": "195387174", "timestamp": 1639675108860, "tick_direction": 3, "price": 0.0005, "mark_price": 0.00072236, "iv": 100.07, "instrument_name": "BTC-31DEC21-80000-C", "index_price": 48269.76, "direction": "sell", "amount": 1.0}, {"trade_seq": 9990, "trade_id": "195384219", "timestamp": 1639674094336, "tick_direction": 3, "price": 0.0005, "mark_price": 0.00071055, "iv": 99.31, "instrument_name": "BTC-31DEC21-80000-C", "index_price": 48484.14, "direction": "sell", "amount": 0.3}, {"trade_seq": 9989, "trade_id": "195384156", "timestamp": 1639674056065, "tick_direction": 3, "price": 0.0005, "mark_price": 0.00070971, "iv": 99.28, "instrument_name": "BTC-31DEC21-80000-C", "index_price": 48490.07, "direction": "sell", "amount": 1.2}, {"trade_seq": 9988, "trade_id": "195384143", "timestamp": 1639674029829, "tick_direction": 3, "price": 0.0005, "mark_price": 0.00070771, "iv": 99.3, "instrument_name": "BTC-31DEC21-80000-C", "index_price": 48484.9, "direction": "sell", "amount": 1.3}, {"trade_seq": 9987, "trade_id": "195384133", "timestamp": 1639674015417, "tick_direction": 3, "price": 0.0005, "mark_price": 0.00071048, "iv": 99.24, "instrument_name": "BTC-31DEC21-80000-C", "index_price": 48485.87, "direction": "sell", "amount": 1.2}, {"trade_seq": 9986, "trade_id": "195384019", "timestamp": 1639673866213, "tick_direction": 2, "price": 0.0005, "mark_price": 0.00071146, "iv": 99.11, "instrument_name": "BTC-31DEC21-80000-C", "index_price": 48549.05, "direction": "sell", "amount": 1.2}, {"trade_seq": 9985, "trade_id": "195377550", "timestamp": 1639669728413, "tick_direction": 1, "price": 0.001, "mark_price": 0.00071358, "iv": 107.75, "instrument_name": "BTC-31DEC21-80000-C", "index_price": 48519.75, "direction": "buy", "amount": 3.9}, {"trade_seq": 9984, "trade_id": "195377549", "timestamp": 1639669728413, "tick_direction": 0, "price": 0.001, "mark_price": 0.00071358, "iv": 107.75, "instrument_name": "BTC-31DEC21-80000-C", "index_price": 48519.75, "direction": "buy", "amount": 2.1}, {"trade_seq": 9983, "trade_id": "195345544", "timestamp": 1639652573161, "tick_direction": 3, "price": 0.0005, "mark_price": 0.00071915, "iv": 96.05, "instrument_name": "BTC-31DEC21-80000-C", "index_price": 49150.17, "direction": "sell", "amount": 0.1}, {"trade_seq": 9982, "trade_id": "195341934", "timestamp": 1639648754992, "tick_direction": 2, "price": 0.0005, "mark_price": 0.00073114, "iv": 96.46, "instrument_name": "BTC-31DEC21-80000-C", "index_price": 48983.48, "direction": "sell", "amount": 0.2}, {"trade_seq": 9981, "trade_id": "195339896", "timestamp": 1639644645943, "tick_direction": 1, "price": 0.001, "mark_price": 0.00072395, "iv": 105.17, "instrument_name": "BTC-31DEC21-80000-C", "index_price": 48889.58, "direction": "buy", "amount": 0.1}, {"trade_seq": 9980, "trade_id": "195312112", "timestamp": 1639615228151, "tick_direction": 1, "price": 0.001, "mark_price": 0.00077039, "iv": 103.14, "instrument_name": "BTC-31DEC21-80000-C", "index_price": 49101.34, "direction": "buy", "amount": 0.8}, {"trade_seq": 9979, "trade_id": "195312111", "timestamp": 1639615228151, "tick_direction": 1, "price": 0.001, "mark_price": 0.00077039, "iv": 103.14, "instrument_name": "BTC-31DEC21-80000-C", "index_price": 49101.34, "direction": "buy", "amount": 0.4}, {"trade_seq": 9978, "trade_id": "195281987", "timestamp": 1639599101206, "tick_direction": 0, "price": 0.001, "mark_price": 0.00077134, "iv": 102.74, "instrument_name": "BTC-31DEC21-80000-C", "index_price": 49072.43, "direction": "buy", "amount": 0.1}, {"trade_seq": 9977, "trade_id": "195200593", "timestamp": 1639582975959, "tick_direction": 3, "price": 0.0005, "mark_price": 0.0007144, "iv": 100.64, "instrument_name": "BTC-31DEC21-80000-C", "index_price": 47072.02, "direction": "sell", "amount": 1.2}, {"trade_seq": 9976, "trade_id": "195200592", "timestamp": 1639582975959, "tick_direction": 3, "price": 0.0005, "mark_price": 0.0007144, "iv": 100.64, "instrument_name": "BTC-31DEC21-80000-C", "index_price": 47072.02, "direction": "sell", "amount": 2.0}, {"trade_seq": 9975, "trade_id": "195200591", "timestamp": 1639582975959, "tick_direction": 2, "price": 0.0005, "mark_price": 0.0007144, "iv": 100.64, "instrument_name": "BTC-31DEC21-80000-C", "index_price": 47072.02, "direction": "sell", "amount": 1.8}, {"trade_seq": 9974, "trade_id": "195160501", "timestamp": 1639561108582, "tick_direction": 1, "price": 0.0015, "mark_price": 0.00090774, "iv": 109.29, "instrument_name": "BTC-31DEC21-80000-C", "index_price": 48450.11, "direction": "buy", "amount": 0.7}, {"trade_seq": 9973, "trade_id": "195160500", "timestamp": 1639561108582, "tick_direction": 0, "price": 0.0015, "mark_price": 0.00090774, "iv": 109.29, "instrument_name": "BTC-31DEC21-80000-C", "index_price": 48450.11, "direction": "buy", "amount": 0.3}, {"trade_seq": 9972, "trade_id": "195129788", "timestamp": 1639529072309, "tick_direction": 2, "price": 0.001, "mark_price": 0.00119151, "iv": 103.1, "instrument_name": "BTC-31DEC21-80000-C", "index_price": 48248.98, "direction": "sell", "amount": 0.2}, {"trade_seq": 9971, "trade_id": "195110759", "timestamp": 1639516709051, "tick_direction": 1, "price": 0.0015, "mark_price": 0.00117223, "iv": 108.51, "instrument_name": "BTC-31DEC21-80000-C", "index_price": 48219.1, "direction": "buy", "amount": 1.7}, {"trade_seq": 9970, "trade_id": "195110758", "timestamp": 1639516709051, "tick_direction": 0, "price": 0.0015, "mark_price": 0.00117223, "iv": 108.51, "instrument_name": "BTC-31DEC21-80000-C", "index_price": 48219.1, "direction": "buy", "amount": 0.1}, {"trade_seq": 9969, "trade_id": "195098533", "timestamp": 1639514011048, "tick_direction": 1, "price": 0.001, "mark_price": 0.00088772, "iv": 106.03, "instrument_name": "BTC-31DEC21-80000-C", "index_price": 47271.87, "direction": "buy", "amount": 0.1}, {"trade_seq": 9968, "trade_id": "195098532", "timestamp": 1639514011048, "tick_direction": 0, "price": 0.001, "mark_price": 0.00088772, "iv": 106.03, "instrument_name": "BTC-31DEC21-80000-C", "index_price": 47271.87, "direction": "buy", "amount": 4.9}, {"trade_seq": 9967, "trade_id": "195058960", "timestamp": 1639488892095, "tick_direction": 3, "price": 0.0005, "mark_price": 0.00070065, "iv": 96.95, "instrument_name": "BTC-31DEC21-80000-C", "index_price": 47217.37, "direction": "sell", "amount": 0.2}, {"trade_seq": 9966, "trade_id": "195058959", "timestamp": 1639488892095, "tick_direction": 3, "price": 0.0005, "mark_price": 0.00070065, "iv": 96.95, "instrument_name": "BTC-31DEC21-80000-C", "index_price": 47217.37, "direction": "sell", "amount": 2.1}, {"trade_seq": 9965, "trade_id": "195058958", "timestamp": 1639488892095, "tick_direction": 3, "price": 0.0005, "mark_price": 0.00070065, "iv": 96.95, "instrument_name": "BTC-31DEC21-80000-C", "index_price": 47217.37, "direction": "sell", "amount": 0.1}, {"trade_seq": 9964, "trade_id": "195058957", "timestamp": 1639488892095, "tick_direction": 2, "price": 0.0005, "mark_price": 0.00070065, "iv": 96.95, "instrument_name": "BTC-31DEC21-80000-C", "index_price": 47217.37, "direction": "sell", "amount": 0.1}, {"trade_seq": 9963, "trade_id": "195046009", "timestamp": 1639478865801, "tick_direction": 3, "price": 0.001, "mark_price": 0.00073279, "iv": 104.9, "instrument_name": "BTC-31DEC21-80000-C", "index_price": 47260.83, "direction": "buy", "amount": 0.1}, {"trade_seq": 9962, "trade_id": "195032565", "timestamp": 1639470591414, "tick_direction": 3, "price": 0.001, "mark_price": 0.00074543, "iv": 105.06, "instrument_name": "BTC-31DEC21-80000-C", "index_price": 47161.69, "direction": "sell", "amount": 0.6}, {"trade_seq": 9961, "trade_id": "195032426", "timestamp": 1639470558442, "tick_direction": 3, "price": 0.001, "mark_price": 0.00072394, "iv": 105.03, "instrument_name": "BTC-31DEC21-80000-C", "index_price": 47171.55, "direction": "buy", "amount": 0.1}, {"trade_seq": 9960, "trade_id": "195032425", "timestamp": 1639470558442, "tick_direction": 3, "price": 0.001, "mark_price": 0.00072394, "iv": 105.03, "instrument_name": "BTC-31DEC21-80000-C", "index_price": 47171.55, "direction": "buy", "amount": 1.0}, {"trade_seq": 9959, "trade_id": "195032424", "timestamp": 1639470558442, "tick_direction": 2, "price": 0.001, "mark_price": 0.00072394, "iv": 105.03, "instrument_name": "BTC-31DEC21-80000-C", "index_price": 47171.55, "direction": "buy", "amount": 0.8}, {"trade_seq": 9958, "trade_id": "194997654", "timestamp": 1639443327707, "tick_direction": 0, "price": 0.0015, "mark_price": 0.00080794, "iv": 109.85, "instrument_name": "BTC-31DEC21-80000-C", "index_price": 47147.6, "direction": "buy", "amount": 0.2}, {"trade_seq": 9957, "trade_id": "194983723", "timestamp": 1639434416823, "tick_direction": 3, "price": 0.001, "mark_price": 0.0012211, "iv": 104.26, "instrument_name": "BTC-31DEC21-80000-C", "index_price": 47049.01, "direction": "sell", "amount": 0.3}, {"trade_seq": 9956, "trade_id": "194983693", "timestamp": 1639434392651, "tick_direction": 3, "price": 0.001, "mark_price": 0.00122407, "iv": 104.22, "instrument_name": "BTC-31DEC21-80000-C", "index_price": 47052.38, "direction": "sell", "amount": 1.2}, {"trade_seq": 9955, "trade_id": "194975307", "timestamp": 1639430575009, "tick_direction": 2, "price": 0.001, "mark_price": 0.00085958, "iv": 106.24, "instrument_name": "BTC-31DEC21-80000-C", "index_price": 46435.76, "direction": "buy", "amount": 1.5}, {"trade_seq": 9954, "trade_id": "194912562", "timestamp": 1639421142193, "tick_direction": 0, "price": 0.0015, "mark_price": 0.00122577, "iv": 107.97, "instrument_name": "BTC-31DEC21-80000-C", "index_price": 47368.34, "direction": "buy", "amount": 0.5}, {"trade_seq": 9953, "trade_id": "194866894", "timestamp": 1639408603783, "tick_direction": 3, "price": 0.001, "mark_price": 0.00120885, "iv": 101.16, "instrument_name": "BTC-31DEC21-80000-C", "index_price": 47630.84, "direction": "sell", "amount": 8.0}, {"trade_seq": 9952, "trade_id": "194866893", "timestamp": 1639408603783, "tick_direction": 3, "price": 0.001, "mark_price": 0.00120885, "iv": 101.16, "instrument_name": "BTC-31DEC21-80000-C", "index_price": 47630.84, "direction": "sell", "amount": 2.0}, {"trade_seq": 9951, "trade_id": "194846363", "timestamp": 1639398960570, "tick_direction": 3, "price": 0.001, "mark_price": 0.00135399, "iv": 96.55, "instrument_name": "BTC-31DEC21-80000-C", "index_price": 48875.71, "direction": "sell", "amount": 2.4}, {"trade_seq": 9950, "trade_id": "194846362", "timestamp": 1639398960570, "tick_direction": 3, "price": 0.001, "mark_price": 0.00135399, "iv": 96.55, "instrument_name": "BTC-31DEC21-80000-C", "index_price": 48875.71, "direction": "sell", "amount": 1.0}, {"trade_seq": 9949, "trade_id": "194846361", "timestamp": 1639398960570, "tick_direction": 3, "price": 0.001, "mark_price": 0.00135399, "iv": 96.55, "instrument_name": "BTC-31DEC21-80000-C", "index_price": 48875.71, "direction": "sell", "amount": 1.0}, {"trade_seq": 9948, "trade_id": "194846360", "timestamp": 1639398960570, "tick_direction": 3, "price": 0.001, "mark_price": 0.00135399, "iv": 96.55, "instrument_name": "BTC-31DEC21-80000-C", "index_price": 48875.71, "direction": "sell", "amount": 1.0}, {"trade_seq": 9947, "trade_id": "194846359", "timestamp": 1639398960570, "tick_direction": 3, "price": 0.001, "mark_price": 0.00135399, "iv": 96.55, "instrument_name": "BTC-31DEC21-80000-C", "index_price": 48875.71, "direction": "sell", "amount": 1.0}, {"trade_seq": 9946, "trade_id": "194846358", "timestamp": 1639398960570, "tick_direction": 3, "price": 0.001, "mark_price": 0.00135399, "iv": 96.55, "instrument_name": "BTC-31DEC21-80000-C", "index_price": 48875.71, "direction": "sell", "amount": 0.1}, {"trade_seq": 9945, "trade_id": "194846357", "timestamp": 1639398960570, "tick_direction": 3, "price": 0.001, "mark_price": 0.00135399, "iv": 96.55, "instrument_name": "BTC-31DEC21-80000-C", "index_price": 48875.71, "direction": "sell", "amount": 1.5}, {"trade_seq": 9944, "trade_id": "194846351", "timestamp": 1639398934248, "tick_direction": 3, "price": 0.001, "mark_price": 0.00136803, "iv": 96.55, "instrument_name": "BTC-31DEC21-80000-C", "index_price": 48869.89, "direction": "sell", "amount": 0.8}, {"trade_seq": 9943, "trade_id": "194846343", "timestamp": 1639398914762, "tick_direction": 2, "price": 0.001, "mark_price": 0.00138342, "iv": 96.51, "instrument_name": "BTC-31DEC21-80000-C", "index_price": 48873.36, "direction": "sell", "amount": 0.6}, {"trade_seq": 9942, "trade_id": "194842272", "timestamp": 1639393286105, "tick_direction": 0, "price": 0.002, "mark_price": 0.00160218, "iv": 107.02, "instrument_name": "BTC-31DEC21-80000-C", "index_price": 48631.66, "direction": "buy", "amount": 1.0}, {"trade_seq": 9941, "trade_id": "194840135", "timestamp": 1639390895589, "tick_direction": 3, "price": 0.0015, "mark_price": 0.00120488, "iv": 102.32, "instrument_name": "BTC-31DEC21-80000-C", "index_price": 48706.32, "direction": "buy", "amount": 0.5}, {"trade_seq": 9940, "trade_id": "194840134", "timestamp": 1639390895589, "tick_direction": 3, "price": 0.0015, "mark_price": 0.00120488, "iv": 102.32, "instrument_name": "BTC-31DEC21-80000-C", "index_price": 48706.32, "direction": "buy", "amount": 0.4}, {"trade_seq": 9939, "trade_id": "194840133", "timestamp": 1639390895589, "tick_direction": 2, "price": 0.0015, "mark_price": 0.00120488, "iv": 102.32, "instrument_name": "BTC-31DEC21-80000-C", "index_price": 48706.32, "direction": "buy", "amount": 0.1}, {"trade_seq": 9938, "trade_id": "194785058", "timestamp": 1639346309746, "tick_direction": 1, "price": 0.002, "mark_price": 0.00223249, "iv": 100.4, "instrument_name": "BTC-31DEC21-80000-C", "index_price": 49972.1, "direction": "sell", "amount": 5.0}, {"trade_seq": 9937, "trade_id": "194785057", "timestamp": 1639346308999, "tick_direction": 0, "price": 0.002, "mark_price": 0.00223168, "iv": 100.4, "instrument_name": "BTC-31DEC21-80000-C", "index_price": 49972.1, "direction": "sell", "amount": 5.0}, {"trade_seq": 9936, "trade_id": "194686222", "timestamp": 1639262145072, "tick_direction": 3, "price": 0.0015, "mark_price": 0.00146022, "iv": 97.73, "instrument_name": "BTC-31DEC21-80000-C", "index_price": 48823.12, "direction": "buy", "amount": 1.0}, {"trade_seq": 9935, "trade_id": "194686211", "timestamp": 1639262111966, "tick_direction": 2, "price": 0.0015, "mark_price": 0.00145578, "iv": 97.79, "instrument_name": "BTC-31DEC21-80000-C", "index_price": 48803.23, "direction": "buy", "amount": 1.0}, {"trade_seq": 9934, "trade_id": "194671842", "timestamp": 1639240907928, "tick_direction": 1, "price": 0.002, "mark_price": 0.00175439, "iv": 99.8, "instrument_name": "BTC-31DEC21-80000-C", "index_price": 49234.92, "direction": "buy", "amount": 10.0}, {"trade_seq": 9933, "trade_id": "194671841", "timestamp": 1639240907928, "tick_direction": 1, "price": 0.002, "mark_price": 0.00175439, "iv": 99.8, "instrument_name": "BTC-31DEC21-80000-C", "index_price": 49234.92, "direction": "buy", "amount": 12.0}, {"trade_seq": 9932, "trade_id": "194671840", "timestamp": 1639240907928, "tick_direction": 1, "price": 0.002, "mark_price": 0.00175439, "iv": 99.8, "instrument_name": "BTC-31DEC21-80000-C", "index_price": 49234.92, "direction": "buy", "amount": 2.9}, {"trade_seq": 9931, "trade_id": "194671830", "timestamp": 1639240879941, "tick_direction": 1, "price": 0.002, "mark_price": 0.00174668, "iv": 99.88, "instrument_name": "BTC-31DEC21-80000-C", "index_price": 49208.03, "direction": "buy", "amount": 1.2}, {"trade_seq": 9930, "trade_id": "194671822", "timestamp": 1639240870794, "tick_direction": 1, "price": 0.002, "mark_price": 0.00174312, "iv": 99.91, "instrument_name": "BTC-31DEC21-80000-C", "index_price": 49196.85, "direction": "buy", "amount": 1.2}, {"trade_seq": 9929, "trade_id": "194671821", "timestamp": 1639240864766, "tick_direction": 1, "price": 0.002, "mark_price": 0.00174501, "iv": 99.9, "instrument_name": "BTC-31DEC21-80000-C", "index_price": 49193.8, "direction": "buy", "amount": 1.2}, {"trade_seq": 9928, "trade_id": "194671813", "timestamp": 1639240848655, "tick_direction": 1, "price": 0.002, "mark_price": 0.00174096, "iv": 99.93, "instrument_name": "BTC-31DEC21-80000-C", "index_price": 49185.84, "direction": "buy", "amount": 1.2}, {"trade_seq": 9927, "trade_id": "194671804", "timestamp": 1639240839028, "tick_direction": 1, "price": 0.002, "mark_price": 0.00173164, "iv": 100.0, "instrument_name": "BTC-31DEC21-80000-C", "index_price": 49165.04, "direction": "buy", "amount": 1.2}, {"trade_seq": 9926, "trade_id": "194671790", "timestamp": 1639240815442, "tick_direction": 0, "price": 0.002, "mark_price": 0.00174161, "iv": 99.92, "instrument_name": "BTC-31DEC21-80000-C", "index_price": 49180.12, "direction": "buy", "amount": 2.5}, {"trade_seq": 9925, "trade_id": "194663240", "timestamp": 1639237787555, "tick_direction": 3, "price": 0.0015, "mark_price": 0.00173935, "iv": 97.59, "instrument_name": "BTC-31DEC21-80000-C", "index_price": 48641.18, "direction": "sell", "amount": 0.3}, {"trade_seq": 9924, "trade_id": "194663234", "timestamp": 1639237768329, "tick_direction": 3, "price": 0.0015, "mark_price": 0.00173902, "iv": 97.61, "instrument_name": "BTC-31DEC21-80000-C", "index_price": 48636.02, "direction": "sell", "amount": 0.6}, {"trade_seq": 9923, "trade_id": "194663233", "timestamp": 1639237768329, "tick_direction": 2, "price": 0.0015, "mark_price": 0.00173902, "iv": 97.61, "instrument_name": "BTC-31DEC21-80000-C", "index_price": 48636.02, "direction": "sell", "amount": 0.1}, {"trade_seq": 9922, "trade_id": "194660249", "timestamp": 1639234148086, "tick_direction": 1, "price": 0.002, "mark_price": 0.001768, "iv": 102.08, "instrument_name": "BTC-31DEC21-80000-C", "index_price": 48543.1, "direction": "buy", "amount": 2.0}, {"trade_seq": 9921, "trade_id": "194650062", "timestamp": 1639225644129, "tick_direction": 1, "price": 0.002, "mark_price": 0.00176259, "iv": 101.6, "instrument_name": "BTC-31DEC21-80000-C", "index_price": 48578.98, "direction": "buy", "amount": 1.2}, {"trade_seq": 9920, "trade_id": "194650048", "timestamp": 1639225591860, "tick_direction": 1, "price": 0.002, "mark_price": 0.00176696, "iv": 101.59, "instrument_name": "BTC-31DEC21-80000-C", "index_price": 48578.39, "direction": "buy", "amount": 1.2}, {"trade_seq": 9919, "trade_id": "194650040", "timestamp": 1639225562140, "tick_direction": 1, "price": 0.002, "mark_price": 0.00177563, "iv": 101.56, "instrument_name": "BTC-31DEC21-80000-C", "index_price": 48579.77, "direction": "buy", "amount": 1.2}, {"trade_seq": 9918, "trade_id": "194649768", "timestamp": 1639225248253, "tick_direction": 1, "price": 0.002, "mark_price": 0.00176938, "iv": 101.89, "instrument_name": "BTC-31DEC21-80000-C", "index_price": 48484.18, "direction": "buy", "amount": 1.2}, {"trade_seq": 9917, "trade_id": "194645951", "timestamp": 1639218775494, "tick_direction": 1, "price": 0.002, "mark_price": 0.00174854, "iv": 101.78, "instrument_name": "BTC-31DEC21-80000-C", "index_price": 48492.33, "direction": "buy", "amount": 1.5}, {"trade_seq": 9916, "trade_id": "194636267", "timestamp": 1639211524796, "tick_direction": 0, "price": 0.002, "mark_price": 0.00172978, "iv": 100.28, "instrument_name": "BTC-31DEC21-80000-C", "index_price": 48833.08, "direction": "buy", "amount": 0.4}, {"trade_seq": 9915, "trade_id": "194588607", "timestamp": 1639182197415, "tick_direction": 2, "price": 0.001, "mark_price": 0.00150188, "iv": 95.92, "instrument_name": "BTC-31DEC21-80000-C", "index_price": 47147.23, "direction": "sell", "amount": 0.6}, {"trade_seq": 9914, "trade_id": "194530573", "timestamp": 1639155339753, "tick_direction": 3, "price": 0.002, "mark_price": 0.00176561, "iv": 102.21, "instrument_name": "BTC-31DEC21-80000-C", "index_price": 47795.86, "direction": "buy", "amount": 1.2}, {"trade_seq": 9913, "trade_id": "194530556", "timestamp": 1639155330532, "tick_direction": 3, "price": 0.002, "mark_price": 0.00175364, "iv": 102.32, "instrument_name": "BTC-31DEC21-80000-C", "index_price": 47768.21, "direction": "buy", "amount": 1.2}, {"trade_seq": 9912, "trade_id": "194530485", "timestamp": 1639155204002, "tick_direction": 3, "price": 0.002, "mark_price": 0.00174137, "iv": 102.39, "instrument_name": "BTC-31DEC21-80000-C", "index_price": 47748.32, "direction": "buy", "amount": 1.2}, {"trade_seq": 9911, "trade_id": "194530239", "timestamp": 1639155027082, "tick_direction": 3, "price": 0.002, "mark_price": 0.00178086, "iv": 102.24, "instrument_name": "BTC-31DEC21-80000-C", "index_price": 47802.13, "direction": "buy", "amount": 1.2}, {"trade_seq": 9910, "trade_id": "194530233", "timestamp": 1639155025856, "tick_direction": 3, "price": 0.002, "mark_price": 0.00178138, "iv": 102.25, "instrument_name": "BTC-31DEC21-80000-C", "index_price": 47780.45, "direction": "buy", "amount": 1.3}, {"trade_seq": 9909, "trade_id": "194530225", "timestamp": 1639155016612, "tick_direction": 3, "price": 0.002, "mark_price": 0.00177698, "iv": 102.3, "instrument_name": "BTC-31DEC21-80000-C", "index_price": 47765.91, "direction": "buy", "amount": 1.4}, {"trade_seq": 9908, "trade_id": "194530208", "timestamp": 1639154999800, "tick_direction": 2, "price": 0.002, "mark_price": 0.00177898, "iv": 102.31, "instrument_name": "BTC-31DEC21-80000-C", "index_price": 47763.82, "direction": "buy", "amount": 1.2}, {"trade_seq": 9907, "trade_id": "194511976", "timestamp": 1639151152539, "tick_direction": 1, "price": 0.0025, "mark_price": 0.00192881, "iv": 104.3, "instrument_name": "BTC-31DEC21-80000-C", "index_price": 48166.06, "direction": "buy", "block_trade_id": "27288", "amount": 20.0}, {"trade_seq": 9906, "trade_id": "194457690", "timestamp": 1639130578938, "tick_direction": 1, "price": 0.0025, "mark_price": 0.00199203, "iv": 102.53, "instrument_name": "BTC-31DEC21-80000-C", "index_price": 48493.39, "direction": "buy", "amount": 6.3}, {"trade_seq": 9905, "trade_id": "194457689", "timestamp": 1639130578938, "tick_direction": 1, "price": 0.0025, "mark_price": 0.00199203, "iv": 102.53, "instrument_name": "BTC-31DEC21-80000-C", "index_price": 48493.39, "direction": "buy", "amount": 41.0}, {"trade_seq": 9904, "trade_id": "194457688", "timestamp": 1639130578938, "tick_direction": 1, "price": 0.0025, "mark_price": 0.00199203, "iv": 102.53, "instrument_name": "BTC-31DEC21-80000-C", "index_price": 48493.39, "direction": "buy", "amount": 2.1}, {"trade_seq": 9903, "trade_id": "194457677", "timestamp": 1639130558021, "tick_direction": 1, "price": 0.0025, "mark_price": 0.00198911, "iv": 102.58, "instrument_name": "BTC-31DEC21-80000-C", "index_price": 48478.07, "direction": "buy", "amount": 6.3}, {"trade_seq": 9902, "trade_id": "194457676", "timestamp": 1639130558021, "tick_direction": 1, "price": 0.0025, "mark_price": 0.00198911, "iv": 102.58, "instrument_name": "BTC-31DEC21-80000-C", "index_price": 48478.07, "direction": "buy", "amount": 41.0}, {"trade_seq": 9901, "trade_id": "194457675", "timestamp": 1639130558021, "tick_direction": 0, "price": 0.0025, "mark_price": 0.00198911, "iv": 102.58, "instrument_name": "BTC-31DEC21-80000-C", "index_price": 48478.07, "direction": "buy", "amount": 2.1}, {"trade_seq": 9900, "trade_id": "194436868", "timestamp": 1639122280236, "tick_direction": 2, "price": 0.0015, "mark_price": 0.00185031, "iv": 96.7, "instrument_name": "BTC-31DEC21-80000-C", "index_price": 47916.68, "direction": "sell", "amount": 1.0}, {"trade_seq": 9899, "trade_id": "194410464", "timestamp": 1639101812203, "tick_direction": 3, "price": 0.002, "mark_price": 0.00222753, "iv": 98.43, "instrument_name": "BTC-31DEC21-80000-C", "index_price": 48478.53, "direction": "sell", "amount": 0.5}, {"trade_seq": 9898, "trade_id": "194410463", "timestamp": 1639101812203, "tick_direction": 3, "price": 0.002, "mark_price": 0.00222753, "iv": 98.43, "instrument_name": "BTC-31DEC21-80000-C", "index_price": 48478.53, "direction": "sell", "amount": 0.5}, {"trade_seq": 9897, "trade_id": "194289590", "timestamp": 1639043803287, "tick_direction": 3, "price": 0.002, "mark_price": 0.00245771, "iv": 94.46, "instrument_name": "BTC-31DEC21-80000-C", "index_price": 49210.75, "direction": "sell", "amount": 2.5}, {"trade_seq": 9896, "trade_id": "194266891", "timestamp": 1639035092410, "tick_direction": 3, "price": 0.002, "mark_price": 0.00284587, "iv": 90.96, "instrument_name": "BTC-31DEC21-80000-C", "index_price": 50185.03, "direction": "sell", "amount": 5.0}, {"trade_seq": 9895, "trade_id": "194266890", "timestamp": 1639035092410, "tick_direction": 3, "price": 0.002, "mark_price": 0.00284587, "iv": 90.96, "instrument_name": "BTC-31DEC21-80000-C", "index_price": 50185.03, "direction": "sell", "amount": 1.0}, {"trade_seq": 9894, "trade_id": "194266889", "timestamp": 1639035092410, "tick_direction": 2, "price": 0.002, "mark_price": 0.00284587, "iv": 90.96, "instrument_name": "BTC-31DEC21-80000-C", "index_price": 50185.03, "direction": "sell", "amount": 1.0}, {"trade_seq": 9893, "trade_id": "194265179", "timestamp": 1639034925343, "tick_direction": 3, "price": 0.0025, "mark_price": 0.00275349, "iv": 96.1, "instrument_name": "BTC-31DEC21-80000-C", "index_price": 49617.9, "direction": "sell", "amount": 1.0}, {"trade_seq": 9892, "trade_id": "194265178", "timestamp": 1639034925343, "tick_direction": 3, "price": 0.0025, "mark_price": 0.00275349, "iv": 96.1, "instrument_name": "BTC-31DEC21-80000-C", "index_price": 49617.9, "direction": "sell", "amount": 3.0}, {"trade_seq": 9891, "trade_id": "194265177", "timestamp": 1639034925343, "tick_direction": 2, "price": 0.0025, "mark_price": 0.00275349, "iv": 96.1, "instrument_name": "BTC-31DEC21-80000-C", "index_price": 49617.9, "direction": "sell", "amount": 1.0}, {"trade_seq": 9890, "trade_id": "194239251", "timestamp": 1639012873043, "tick_direction": 1, "price": 0.0035, "mark_price": 0.00302212, "iv": 98.12, "instrument_name": "BTC-31DEC21-80000-C", "index_price": 50459.83, "direction": "buy", "amount": 0.1}, {"trade_seq": 9889, "trade_id": "194239209", "timestamp": 1639012837894, "tick_direction": 0, "price": 0.0035, "mark_price": 0.00296854, "iv": 98.42, "instrument_name": "BTC-31DEC21-80000-C", "index_price": 50389.35, "direction": "buy", "amount": 2.0}, {"trade_seq": 9888, "trade_id": "194195756", "timestamp": 1638978423444, "tick_direction": 2, "price": 0.003, "mark_price": 0.00329512, "iv": 94.03, "instrument_name": "BTC-31DEC21-80000-C", "index_price": 50642.06, "direction": "sell", "amount": 2.3}, {"trade_seq": 9887, "trade_id": "194191707", "timestamp": 1638977362036, "tick_direction": 0, "price": 0.004, "mark_price": 0.00342594, "iv": 97.82, "instrument_name": "BTC-31DEC21-80000-C", "index_price": 50920.18, "direction": "buy", "amount": 1.2}, {"trade_seq": 9886, "trade_id": "194119236", "timestamp": 1638957204948, "tick_direction": 0, "price": 0.003, "mark_price": 0.00297964, "iv": 95.04, "instrument_name": "BTC-31DEC21-80000-C", "index_price": 50224.32, "direction": "sell", "amount": 4.0}, {"trade_seq": 9885, "trade_id": "194118806", "timestamp": 1638956799313, "tick_direction": 3, "price": 0.0025, "mark_price": 0.0029787, "iv": 92.05, "instrument_name": "BTC-31DEC21-80000-C", "index_price": 50284.69, "direction": "sell", "amount": 0.4}, {"trade_seq": 9884, "trade_id": "194118805", "timestamp": 1638956799313, "tick_direction": 2, "price": 0.0025, "mark_price": 0.0029787, "iv": 92.05, "instrument_name": "BTC-31DEC21-80000-C", "index_price": 50284.69, "direction": "sell", "amount": 0.4}, {"trade_seq": 9883, "trade_id": "194117615", "timestamp": 1638955465502, "tick_direction": 1, "price": 0.0035, "mark_price": 0.00323083, "iv": 96.43, "instrument_name": "BTC-31DEC21-80000-C", "index_price": 50531.15, "direction": "buy", "amount": 0.1}, {"trade_seq": 9882, "trade_id": "194108575", "timestamp": 1638944444168, "tick_direction": 0, "price": 0.0035, "mark_price": 0.00309875, "iv": 95.5, "instrument_name": "BTC-31DEC21-80000-C", "index_price": 50715.48, "direction": "buy", "amount": 0.1}, {"trade_seq": 9881, "trade_id": "194105766", "timestamp": 1638940640032, "tick_direction": 3, "price": 0.0025, "mark_price": 0.00298535, "iv": 91.26, "instrument_name": "BTC-31DEC21-80000-C", "index_price": 50399.21, "direction": "sell", "amount": 5.0}, {"trade_seq": 9880, "trade_id": "194101353", "timestamp": 1638935554321, "tick_direction": 3, "price": 0.0025, "mark_price": 0.00277377, "iv": 91.79, "instrument_name": "BTC-31DEC21-80000-C", "index_price": 50202.87, "direction": "sell", "amount": 3.3}, {"trade_seq": 9879, "trade_id": "194101352", "timestamp": 1638935554321, "tick_direction": 2, "price": 0.0025, "mark_price": 0.00277377, "iv": 91.79, "instrument_name": "BTC-31DEC21-80000-C", "index_price": 50202.87, "direction": "sell", "amount": 0.7}, {"trade_seq": 9878, "trade_id": "194096630", "timestamp": 1638930118558, "tick_direction": 3, "price": 0.003, "mark_price": 0.00327218, "iv": 93.32, "instrument_name": "BTC-31DEC21-80000-C", "index_price": 50541.6, "direction": "sell", "amount": 1.0}, {"trade_seq": 9877, "trade_id": "194094452", "timestamp": 1638927044356, "tick_direction": 3, "price": 0.003, "mark_price": 0.00310172, "iv": 92.75, "instrument_name": "BTC-31DEC21-80000-C", "index_price": 50693.14, "direction": "buy", "amount": 0.1}, {"trade_seq": 9876, "trade_id": "194078376", "timestamp": 1638913824131, "tick_direction": 3, "price": 0.003, "mark_price": 0.00344765, "iv": 92.55, "instrument_name": "BTC-31DEC21-80000-C", "index_price": 50661.16, "direction": "sell", "amount": 0.3}, {"trade_seq": 9875, "trade_id": "194071449", "timestamp": 1638909698517, "tick_direction": 3, "price": 0.003, "mark_price": 0.00326916, "iv": 93.51, "instrument_name": "BTC-31DEC21-80000-C", "index_price": 50317.08, "direction": "sell", "amount": 2.0}, {"trade_seq": 9874, "trade_id": "194068543", "timestamp": 1638909289549, "tick_direction": 2, "price": 0.003, "mark_price": 0.00331701, "iv": 93.56, "instrument_name": "BTC-31DEC21-80000-C", "index_price": 50317.92, "direction": "sell", "amount": 1.0}, {"trade_seq": 9873, "trade_id": "194038817", "timestamp": 1638894369015, "tick_direction": 2, "price": 0.004, "mark_price": 0.00447693, "iv": 93.35, "instrument_name": "BTC-31DEC21-80000-C", "index_price": 51648.84, "direction": "sell", "amount": 2.0}, {"trade_seq": 9872, "trade_id": "194032145", "timestamp": 1638891616017, "tick_direction": 0, "price": 0.0045, "mark_price": 0.0042313, "iv": 94.62, "instrument_name": "BTC-31DEC21-80000-C", "index_price": 51879.9, "direction": "buy", "amount": 0.1}, {"trade_seq": 9871, "trade_id": "194029010", "timestamp": 1638891205701, "tick_direction": 1, "price": 0.004, "mark_price": 0.00377531, "iv": 93.4, "instrument_name": "BTC-31DEC21-80000-C", "index_price": 51606.92, "direction": "buy", "amount": 0.1}, {"trade_seq": 9870, "trade_id": "194029009", "timestamp": 1638891205701, "tick_direction": 1, "price": 0.004, "mark_price": 0.00377531, "iv": 93.4, "instrument_name": "BTC-31DEC21-80000-C", "index_price": 51606.92, "direction": "buy", "amount": 0.3}, {"trade_seq": 9869, "trade_id": "194018048", "timestamp": 1638889231074, "tick_direction": 0, "price": 0.004, "mark_price": 0.0035181, "iv": 93.69, "instrument_name": "BTC-31DEC21-80000-C", "index_price": 51513.83, "direction": "buy", "amount": 9.5}, {"trade_seq": 9868, "trade_id": "194010764", "timestamp": 1638886962649, "tick_direction": 3, "price": 0.0035, "mark_price": 0.0032794, "iv": 93.01, "instrument_name": "BTC-31DEC21-80000-C", "index_price": 51042.67, "direction": "buy", "amount": 2.4}, {"trade_seq": 9867, "trade_id": "194010687", "timestamp": 1638886842027, "tick_direction": 3, "price": 0.0035, "mark_price": 0.00325513, "iv": 93.16, "instrument_name": "BTC-31DEC21-80000-C", "index_price": 51011.46, "direction": "buy", "amount": 1.3}, {"trade_seq": 9866, "trade_id": "194010682", "timestamp": 1638886840083, "tick_direction": 3, "price": 0.0035, "mark_price": 0.0032566, "iv": 93.15, "instrument_name": "BTC-31DEC21-80000-C", "index_price": 51012.86, "direction": "buy", "amount": 2.4}, {"trade_seq": 9865, "trade_id": "194010481", "timestamp": 1638886669110, "tick_direction": 3, "price": 0.0035, "mark_price": 0.00330641, "iv": 93.02, "instrument_name": "BTC-31DEC21-80000-C", "index_price": 51048.78, "direction": "buy", "amount": 1.4}, {"trade_seq": 9864, "trade_id": "194010468", "timestamp": 1638886655878, "tick_direction": 3, "price": 0.0035, "mark_price": 0.00330245, "iv": 93.05, "instrument_name": "BTC-31DEC21-80000-C", "index_price": 51039.11, "direction": "buy", "amount": 1.3}, {"trade_seq": 9863, "trade_id": "194010462", "timestamp": 1638886648116, "tick_direction": 2, "price": 0.0035, "mark_price": 0.00329806, "iv": 93.08, "instrument_name": "BTC-31DEC21-80000-C", "index_price": 51033.24, "direction": "buy", "amount": 1.2}, {"trade_seq": 9862, "trade_id": "193991129", "timestamp": 1638876004555, "tick_direction": 0, "price": 0.004, "mark_price": 0.00350094, "iv": 93.43, "instrument_name": "BTC-31DEC21-80000-C", "index_price": 51505.53, "direction": "buy", "amount": 0.5}, {"trade_seq": 9861, "trade_id": "193948428", "timestamp": 1638848287333, "tick_direction": 2, "price": 0.003, "mark_price": 0.00274579, "iv": 90.02, "instrument_name": "BTC-31DEC21-80000-C", "index_price": 50983.82, "direction": "buy", "amount": 0.5}, {"trade_seq": 9860, "trade_id": "193938998", "timestamp": 1638841386957, "tick_direction": 0, "price": 0.0035, "mark_price": 0.00297503, "iv": 93.49, "instrument_name": "BTC-31DEC21-80000-C", "index_price": 50588.23, "direction": "buy", "amount": 2.5}, {"trade_seq": 9859, "trade_id": "193932310", "timestamp": 1638840127711, "tick_direction": 3, "price": 0.003, "mark_price": 0.00297699, "iv": 88.86, "instrument_name": "BTC-31DEC21-80000-C", "index_price": 51326.88, "direction": "buy", "amount": 0.8}, {"trade_seq": 9858, "trade_id": "193932196", "timestamp": 1638840127235, "tick_direction": 3, "price": 0.003, "mark_price": 0.00297699, "iv": 88.86, "instrument_name": "BTC-31DEC21-80000-C", "index_price": 51326.88, "direction": "buy", "amount": 1.8}, {"trade_seq": 9857, "trade_id": "193931821", "timestamp": 1638840122703, "tick_direction": 3, "price": 0.003, "mark_price": 0.00288451, "iv": 89.32, "instrument_name": "BTC-31DEC21-80000-C", "index_price": 51140.61, "direction": "buy", "amount": 1.2}, {"trade_seq": 9856, "trade_id": "193931778", "timestamp": 1638840121243, "tick_direction": 2, "price": 0.003, "mark_price": 0.0028829, "iv": 89.35, "instrument_name": "BTC-31DEC21-80000-C", "index_price": 51136.56, "direction": "buy", "amount": 1.2}, {"trade_seq": 9855, "trade_id": "193918421", "timestamp": 1638835184291, "tick_direction": 1, "price": 0.0035, "mark_price": 0.00300831, "iv": 93.35, "instrument_name": "BTC-31DEC21-80000-C", "index_price": 50611.69, "direction": "buy", "amount": 1.8}, {"trade_seq": 9854, "trade_id": "193918420", "timestamp": 1638835184291, "tick_direction": 0, "price": 0.0035, "mark_price": 0.00300831, "iv": 93.35, "instrument_name": "BTC-31DEC21-80000-C", "index_price": 50611.69, "direction": "buy", "amount": 0.2}, {"trade_seq": 9853, "trade_id": "193910127", "timestamp": 1638831311697, "tick_direction": 1, "price": 0.003, "mark_price": 0.00278242, "iv": 89.95, "instrument_name": "BTC-31DEC21-80000-C", "index_price": 50924.92, "direction": "buy", "amount": 1.0}, {"trade_seq": 9852, "trade_id": "193905194", "timestamp": 1638829542381, "tick_direction": 1, "price": 0.003, "mark_price": 0.00272463, "iv": 90.55, "instrument_name": "BTC-31DEC21-80000-C", "index_price": 50685.72, "direction": "buy", "amount": 0.1}, {"trade_seq": 9851, "trade_id": "193901658", "timestamp": 1638828809955, "tick_direction": 1, "price": 0.003, "mark_price": 0.00297406, "iv": 90.22, "instrument_name": "BTC-31DEC21-80000-C", "index_price": 50794.56, "direction": "buy", "amount": 0.1}, {"trade_seq": 9850, "trade_id": "193901650", "timestamp": 1638828809855, "tick_direction": 1, "price": 0.003, "mark_price": 0.00297406, "iv": 90.22, "instrument_name": "BTC-31DEC21-80000-C", "index_price": 50794.56, "direction": "buy", "amount": 18.8}, {"trade_seq": 9849, "trade_id": "193885095", "timestamp": 1638826453997, "tick_direction": 1, "price": 0.003, "mark_price": 0.00276253, "iv": 95.11, "instrument_name": "BTC-31DEC21-80000-C", "index_price": 49260.65, "direction": "buy", "amount": 0.4}, {"trade_seq": 9848, "trade_id": "193885094", "timestamp": 1638826453997, "tick_direction": 0, "price": 0.003, "mark_price": 0.00276253, "iv": 95.11, "instrument_name": "BTC-31DEC21-80000-C", "index_price": 49260.65, "direction": "buy", "amount": 0.3}, {"trade_seq": 9847, "trade_id": "193870078", "timestamp": 1638817158315, "tick_direction": 1, "price": 0.0025, "mark_price": 0.00225616, "iv": 92.21, "instrument_name": "BTC-31DEC21-80000-C", "index_price": 49253.21, "direction": "buy", "amount": 0.6}, {"trade_seq": 9846, "trade_id": "193870077", "timestamp": 1638817158315, "tick_direction": 1, "price": 0.0025, "mark_price": 0.00225616, "iv": 92.21, "instrument_name": "BTC-31DEC21-80000-C", "index_price": 49253.21, "direction": "buy", "amount": 0.2}, {"trade_seq": 9845, "trade_id": "193870076", "timestamp": 1638817158315, "tick_direction": 0, "price": 0.0025, "mark_price": 0.00225616, "iv": 92.21, "instrument_name": "BTC-31DEC21-80000-C", "index_price": 49253.21, "direction": "buy", "amount": 0.2}, {"trade_seq": 9844, "trade_id": "193848099", "timestamp": 1638807228643, "tick_direction": 3, "price": 0.002, "mark_price": 0.00219597, "iv": 90.5, "instrument_name": "BTC-31DEC21-80000-C", "index_price": 48776.85, "direction": "sell", "amount": 0.3}, {"trade_seq": 9843, "trade_id": "193848098", "timestamp": 1638807228643, "tick_direction": 3, "price": 0.002, "mark_price": 0.00219597, "iv": 90.5, "instrument_name": "BTC-31DEC21-80000-C", "index_price": 48776.85, "direction": "sell", "amount": 4.7}, {"trade_seq": 9842, "trade_id": "193841926", "timestamp": 1638805639837, "tick_direction": 3, "price": 0.002, "mark_price": 0.00222602, "iv": 90.8, "instrument_name": "BTC-31DEC21-80000-C", "index_price": 48669.24, "direction": "sell", "amount": 0.8}, {"trade_seq": 9841, "trade_id": "193841925", "timestamp": 1638805639837, "tick_direction": 3, "price": 0.002, "mark_price": 0.00222602, "iv": 90.8, "instrument_name": "BTC-31DEC21-80000-C", "index_price": 48669.24, "direction": "sell", "amount": 1.0}, {"trade_seq": 9840, "trade_id": "193841924", "timestamp": 1638805639837, "tick_direction": 2, "price": 0.002, "mark_price": 0.00222602, "iv": 90.8, "instrument_name": "BTC-31DEC21-80000-C", "index_price": 48669.24, "direction": "sell", "amount": 0.2}, {"trade_seq": 9839, "trade_id": "193839219", "timestamp": 1638805038491, "tick_direction": 1, "price": 0.0025, "mark_price": 0.00220317, "iv": 93.79, "instrument_name": "BTC-31DEC21-80000-C", "index_price": 48717.49, "direction": "buy", "amount": 4.0}, {"trade_seq": 9838, "trade_id": "193773992", "timestamp": 1638789478083, "tick_direction": 1, "price": 0.0025, "mark_price": 0.00226475, "iv": 97.83, "instrument_name": "BTC-31DEC21-80000-C", "index_price": 47386.07, "direction": "buy", "amount": 1.9}, {"trade_seq": 9837, "trade_id": "193773991", "timestamp": 1638789478083, "tick_direction": 1, "price": 0.0025, "mark_price": 0.00226475, "iv": 97.83, "instrument_name": "BTC-31DEC21-80000-C", "index_price": 47386.07, "direction": "buy", "amount": 2.1}, {"trade_seq": 9836, "trade_id": "193743999", "timestamp": 1638783013671, "tick_direction": 1, "price": 0.0025, "mark_price": 0.00222387, "iv": 95.14, "instrument_name": "BTC-31DEC21-80000-C", "index_price": 48164.36, "direction": "buy", "amount": 0.2}, {"trade_seq": 9835, "trade_id": "193741377", "timestamp": 1638781887771, "tick_direction": 0, "price": 0.0025, "mark_price": 0.00216677, "iv": 95.76, "instrument_name": "BTC-31DEC21-80000-C", "index_price": 47962.25, "direction": "buy", "amount": 0.8}, {"trade_seq": 9834, "trade_id": "193705560", "timestamp": 1638774912266, "tick_direction": 3, "price": 0.002, "mark_price": 0.00248395, "iv": 91.63, "instrument_name": "BTC-31DEC21-80000-C", "index_price": 48247.93, "direction": "sell", "amount": 0.8}, {"trade_seq": 9833, "trade_id": "193705559", "timestamp": 1638774912266, "tick_direction": 2, "price": 0.002, "mark_price": 0.00248395, "iv": 91.63, "instrument_name": "BTC-31DEC21-80000-C", "index_price": 48247.93, "direction": "sell", "amount": 0.2}, {"trade_seq": 9832, "trade_id": "193704712", "timestamp": 1638774424530, "tick_direction": 3, "price": 0.0025, "mark_price": 0.00252919, "iv": 94.77, "instrument_name": "BTC-31DEC21-80000-C", "index_price": 48246.64, "direction": "sell", "amount": 2.0}, {"trade_seq": 9831, "trade_id": "193704595", "timestamp": 1638774368671, "tick_direction": 3, "price": 0.0025, "mark_price": 0.00250711, "iv": 94.84, "instrument_name": "BTC-31DEC21-80000-C", "index_price": 48229.62, "direction": "sell", "amount": 2.0}, {"trade_seq": 9830, "trade_id": "193693481", "timestamp": 1638769608798, "tick_direction": 3, "price": 0.0025, "mark_price": 0.00272186, "iv": 92.73, "instrument_name": "BTC-31DEC21-80000-C", "index_price": 48905.77, "direction": "sell", "amount": 0.9}, {"trade_seq": 9829, "trade_id": "193693480", "timestamp": 1638769608798, "tick_direction": 3, "price": 0.0025, "mark_price": 0.00272186, "iv": 92.73, "instrument_name": "BTC-31DEC21-80000-C", "index_price": 48905.77, "direction": "sell", "amount": 2.1}, {"trade_seq": 9828, "trade_id": "193693479", "timestamp": 1638769608798, "tick_direction": 3, "price": 0.0025, "mark_price": 0.00272186, "iv": 92.73, "instrument_name": "BTC-31DEC21-80000-C", "index_price": 48905.77, "direction": "sell", "amount": 1.0}, {"trade_seq": 9827, "trade_id": "193693478", "timestamp": 1638769608798, "tick_direction": 3, "price": 0.0025, "mark_price": 0.00272186, "iv": 92.73, "instrument_name": "BTC-31DEC21-80000-C", "index_price": 48905.77, "direction": "sell", "amount": 0.5}, {"trade_seq": 9826, "trade_id": "193693477", "timestamp": 1638769608798, "tick_direction": 2, "price": 0.0025, "mark_price": 0.00272186, "iv": 92.73, "instrument_name": "BTC-31DEC21-80000-C", "index_price": 48905.77, "direction": "sell", "amount": 0.5}, {"trade_seq": 9825, "trade_id": "193688186", "timestamp": 1638765467689, "tick_direction": 0, "price": 0.0035, "mark_price": 0.00299489, "iv": 96.8, "instrument_name": "BTC-31DEC21-80000-C", "index_price": 49219.34, "direction": "buy", "amount": 0.5}, {"trade_seq": 9824, "trade_id": "193688062", "timestamp": 1638765279596, "tick_direction": 3, "price": 0.003, "mark_price": 0.00301934, "iv": 94.34, "instrument_name": "BTC-31DEC21-80000-C", "index_price": 49230.02, "direction": "sell", "amount": 2.0}, {"trade_seq": 9823, "trade_id": "193684045", "timestamp": 1638761690075, "tick_direction": 3, "price": 0.003, "mark_price": 0.00292514, "iv": 95.02, "instrument_name": "BTC-31DEC21-80000-C", "index_price": 48988.78, "direction": "sell", "amount": 0.7}, {"trade_seq": 9822, "trade_id": "193618595", "timestamp": 1638732260331, "tick_direction": 2, "price": 0.003, "mark_price": 0.00343976, "iv": 96.07, "instrument_name": "BTC-31DEC21-80000-C", "index_price": 48491.08, "direction": "sell", "amount": 0.1}, {"trade_seq": 9821, "trade_id": "193616084", "timestamp": 1638731599220, "tick_direction": 1, "price": 0.004, "mark_price": 0.00343443, "iv": 99.21, "instrument_name": "BTC-31DEC21-80000-C", "index_price": 48967.38, "direction": "buy", "amount": 0.7}, {"trade_seq": 9820, "trade_id": "193616083", "timestamp": 1638731599220, "tick_direction": 0, "price": 0.004, "mark_price": 0.00343443, "iv": 99.21, "instrument_name": "BTC-31DEC21-80000-C", "index_price": 48967.38, "direction": "buy", "amount": 2.3}, {"trade_seq": 9819, "trade_id": "193587100", "timestamp": 1638718716708, "tick_direction": 3, "price": 0.003, "mark_price": 0.00330972, "iv": 96.87, "instrument_name": "BTC-31DEC21-80000-C", "index_price": 48104.6, "direction": "sell", "amount": 2.4}, {"trade_seq": 9818, "trade_id": "193587099", "timestamp": 1638718716708, "tick_direction": 2, "price": 0.003, "mark_price": 0.00330972, "iv": 96.87, "instrument_name": "BTC-31DEC21-80000-C", "index_price": 48104.6, "direction": "sell", "amount": 1.8}, {"trade_seq": 9817, "trade_id": "193566773", "timestamp": 1638711804473, "tick_direction": 2, "price": 0.0035, "mark_price": 0.00365795, "iv": 94.97, "instrument_name": "BTC-31DEC21-80000-C", "index_price": 49484.14, "direction": "sell", "amount": 1.9}, {"trade_seq": 9816, "trade_id": "193566703", "timestamp": 1638711709537, "tick_direction": 0, "price": 0.004, "mark_price": 0.00358291, "iv": 97.3, "instrument_name": "BTC-31DEC21-80000-C", "index_price": 49431.82, "direction": "buy", "amount": 1.0}, {"trade_seq": 9815, "trade_id": "193566272", "timestamp": 1638711276101, "tick_direction": 2, "price": 0.0035, "mark_price": 0.00346816, "iv": 95.05, "instrument_name": "BTC-31DEC21-80000-C", "index_price": 49428.35, "direction": "buy", "amount": 1.0}, {"trade_seq": 9814, "trade_id": "193559761", "timestamp": 1638707289119, "tick_direction": 0, "price": 0.004, "mark_price": 0.00344861, "iv": 96.57, "instrument_name": "BTC-31DEC21-80000-C", "index_price": 49595.75, "direction": "buy", "amount": 5.0}, {"trade_seq": 9813, "trade_id": "193555501", "timestamp": 1638705927336, "tick_direction": 3, "price": 0.003, "mark_price": 0.0034683, "iv": 92.93, "instrument_name": "BTC-31DEC21-80000-C", "index_price": 49290.12, "direction": "sell", "amount": 0.2}, {"trade_seq": 9812, "trade_id": "193555500", "timestamp": 1638705927336, "tick_direction": 2, "price": 0.003, "mark_price": 0.0034683, "iv": 92.93, "instrument_name": "BTC-31DEC21-80000-C", "index_price": 49290.12, "direction": "sell", "amount": 0.8}, {"trade_seq": 9811, "trade_id": "193554954", "timestamp": 1638705671714, "tick_direction": 0, "price": 0.004, "mark_price": 0.00355523, "iv": 97.24, "instrument_name": "BTC-31DEC21-80000-C", "index_price": 49391.48, "direction": "buy", "amount": 10.0}, {"trade_seq": 9810, "trade_id": "193544344", "timestamp": 1638698612794, "tick_direction": 3, "price": 0.003, "mark_price": 0.00342884, "iv": 93.31, "instrument_name": "BTC-31DEC21-80000-C", "index_price": 49099.44, "direction": "sell", "amount": 1.2}, {"trade_seq": 9809, "trade_id": "193544343", "timestamp": 1638698612794, "tick_direction": 2, "price": 0.003, "mark_price": 0.00342884, "iv": 93.31, "instrument_name": "BTC-31DEC21-80000-C", "index_price": 49099.44, "direction": "sell", "amount": 0.5}, {"trade_seq": 9808, "trade_id": "193477956", "timestamp": 1638660529130, "tick_direction": 1, "price": 0.004, "mark_price": 0.00345851, "iv": 96.77, "instrument_name": "BTC-31DEC21-80000-C", "index_price": 49153.95, "direction": "buy", "amount": 0.2}, {"trade_seq": 9807, "trade_id": "193472677", "timestamp": 1638658609387, "tick_direction": 0, "price": 0.004, "mark_price": 0.00349466, "iv": 96.98, "instrument_name": "BTC-31DEC21-80000-C", "index_price": 49108.06, "direction": "buy", "amount": 1.5}, {"trade_seq": 9806, "trade_id": "193468995", "timestamp": 1638656009736, "tick_direction": 1, "price": 0.0035, "mark_price": 0.00326103, "iv": 95.62, "instrument_name": "BTC-31DEC21-80000-C", "index_price": 48839.63, "direction": "buy", "amount": 2.4}, {"trade_seq": 9805, "trade_id": "193468994", "timestamp": 1638656009736, "tick_direction": 0, "price": 0.0035, "mark_price": 0.00326103, "iv": 95.62, "instrument_name": "BTC-31DEC21-80000-C", "index_price": 48839.63, "direction": "buy", "amount": 29.0}, {"trade_seq": 9804, "trade_id": "193466542", "timestamp": 1638654300878, "tick_direction": 2, "price": 0.003, "mark_price": 0.003404, "iv": 93.27, "instrument_name": "BTC-31DEC21-80000-C", "index_price": 48785.26, "direction": "sell", "amount": 0.7}, {"trade_seq": 9803, "trade_id": "193447638", "timestamp": 1638645807018, "tick_direction": 0, "price": 0.0035, "mark_price": 0.00331895, "iv": 94.05, "instrument_name": "BTC-31DEC21-80000-C", "index_price": 49277.95, "direction": "buy", "amount": 0.3}, {"trade_seq": 9802, "trade_id": "193429478", "timestamp": 1638635553055, "tick_direction": 3, "price": 0.0025, "mark_price": 0.00304481, "iv": 91.37, "instrument_name": "BTC-31DEC21-80000-C", "index_price": 48454.85, "direction": "sell", "amount": 10.0}, {"trade_seq": 9801, "trade_id": "193429477", "timestamp": 1638635553055, "tick_direction": 3, "price": 0.0025, "mark_price": 0.00304481, "iv": 91.37, "instrument_name": "BTC-31DEC21-80000-C", "index_price": 48454.85, "direction": "sell", "amount": 29.0}, {"trade_seq": 9800, "trade_id": "193429476", "timestamp": 1638635553055, "tick_direction": 3, "price": 0.0025, "mark_price": 0.00304481, "iv": 91.37, "instrument_name": "BTC-31DEC21-80000-C", "index_price": 48454.85, "direction": "sell", "amount": 9.8}, {"trade_seq": 9799, "trade_id": "193421845", "timestamp": 1638632427642, "tick_direction": 3, "price": 0.0025, "mark_price": 0.00281854, "iv": 91.45, "instrument_name": "BTC-31DEC21-80000-C", "index_price": 48466.57, "direction": "sell", "amount": 0.5}, {"trade_seq": 9798, "trade_id": "193421821", "timestamp": 1638632421493, "tick_direction": 3, "price": 0.0025, "mark_price": 0.00283332, "iv": 91.37, "instrument_name": "BTC-31DEC21-80000-C", "index_price": 48510.63, "direction": "sell", "amount": 0.5}, {"trade_seq": 9797, "trade_id": "193416493", "timestamp": 1638631203572, "tick_direction": 3, "price": 0.0025, "mark_price": 0.00303984, "iv": 91.92, "instrument_name": "BTC-31DEC21-80000-C", "index_price": 48285.85, "direction": "sell", "amount": 0.2}, {"trade_seq": 9796, "trade_id": "193416492", "timestamp": 1638631203572, "tick_direction": 2, "price": 0.0025, "mark_price": 0.00303984, "iv": 91.92, "instrument_name": "BTC-31DEC21-80000-C", "index_price": 48285.85, "direction": "sell", "amount": 0.2}, {"trade_seq": 9795, "trade_id": "193415615", "timestamp": 1638631046860, "tick_direction": 3, "price": 0.003, "mark_price": 0.00312156, "iv": 94.75, "instrument_name": "BTC-31DEC21-80000-C", "index_price": 48234.04, "direction": "sell", "amount": 0.1}, {"trade_seq": 9794, "trade_id": "193413586", "timestamp": 1638630668438, "tick_direction": 3, "price": 0.003, "mark_price": 0.00337584, "iv": 94.09, "instrument_name": "BTC-31DEC21-80000-C", "index_price": 48448.49, "direction": "sell", "amount": 0.1}, {"trade_seq": 9793, "trade_id": "193396199", "timestamp": 1638625599175, "tick_direction": 3, "price": 0.003, "mark_price": 0.00273596, "iv": 97.25, "instrument_name": "BTC-31DEC21-80000-C", "index_price": 47400.24, "direction": "buy", "amount": 1.0}, {"trade_seq": 9792, "trade_id": "193390110", "timestamp": 1638624489383, "tick_direction": 3, "price": 0.003, "mark_price": 0.00280292, "iv": 97.86, "instrument_name": "BTC-31DEC21-80000-C", "index_price": 47164.86, "direction": "buy", "amount": 0.1}, {"trade_seq": 9791, "trade_id": "193386616", "timestamp": 1638623732152, "tick_direction": 3, "price": 0.003, "mark_price": 0.00325825, "iv": 97.76, "instrument_name": "BTC-31DEC21-80000-C", "index_price": 47166.0, "direction": "sell", "amount": 1.0}, {"trade_seq": 9790, "trade_id": "193386600", "timestamp": 1638623728131, "tick_direction": 3, "price": 0.003, "mark_price": 0.00325931, "iv": 97.76, "instrument_name": "BTC-31DEC21-80000-C", "index_price": 47166.57, "direction": "sell", "amount": 1.3}, {"trade_seq": 9789, "trade_id": "193386581", "timestamp": 1638623718402, "tick_direction": 3, "price": 0.003, "mark_price": 0.00326073, "iv": 97.76, "instrument_name": "BTC-31DEC21-80000-C", "index_price": 47163.86, "direction": "sell", "amount": 0.2}, {"trade_seq": 9788, "trade_id": "193386580", "timestamp": 1638623718402, "tick_direction": 2, "price": 0.003, "mark_price": 0.00326073, "iv": 97.76, "instrument_name": "BTC-31DEC21-80000-C", "index_price": 47163.86, "direction": "sell", "amount": 1.0}, {"trade_seq": 9787, "trade_id": "193376438", "timestamp": 1638620646229, "tick_direction": 1, "price": 0.0035, "mark_price": 0.0034022, "iv": 98.85, "instrument_name": "BTC-31DEC21-80000-C", "index_price": 47557.52, "direction": "buy", "amount": 0.1}, {"trade_seq": 9786, "trade_id": "193364786", "timestamp": 1638618064607, "tick_direction": 1, "price": 0.0035, "mark_price": 0.00313708, "iv": 102.1, "instrument_name": "BTC-31DEC21-80000-C", "index_price": 46491.38, "direction": "buy", "amount": 2.5}, {"trade_seq": 9785, "trade_id": "193363572", "timestamp": 1638617933648, "tick_direction": 0, "price": 0.0035, "mark_price": 0.00317464, "iv": 101.54, "instrument_name": "BTC-31DEC21-80000-C", "index_price": 46669.87, "direction": "buy", "amount": 4.0}, {"trade_seq": 9784, "trade_id": "193351497", "timestamp": 1638614431702, "tick_direction": 3, "price": 0.0025, "mark_price": 0.00307049, "iv": 94.89, "instrument_name": "BTC-31DEC21-80000-C", "index_price": 47088.23, "direction": "sell", "amount": 5.2}, {"trade_seq": 9783, "trade_id": "193351405", "timestamp": 1638614387120, "tick_direction": 3, "price": 0.0025, "mark_price": 0.00309034, "iv": 94.89, "instrument_name": "BTC-31DEC21-80000-C", "index_price": 47078.74, "direction": "sell", "amount": 4.5}, {"trade_seq": 9782, "trade_id": "193351404", "timestamp": 1638614387120, "tick_direction": 2, "price": 0.0025, "mark_price": 0.00309034, "iv": 94.89, "instrument_name": "BTC-31DEC21-80000-C", "index_price": 47078.74, "direction": "sell", "amount": 23.6}, {"trade_seq": 9781, "trade_id": "193351027", "timestamp": 1638614316276, "tick_direction": 3, "price": 0.003, "mark_price": 0.00308972, "iv": 97.67, "instrument_name": "BTC-31DEC21-80000-C", "index_price": 47067.66, "direction": "sell", "amount": 5.8}, {"trade_seq": 9780, "trade_id": "193350376", "timestamp": 1638614196529, "tick_direction": 2, "price": 0.003, "mark_price": 0.0031348, "iv": 97.48, "instrument_name": "BTC-31DEC21-80000-C", "index_price": 47167.28, "direction": "sell", "amount": 2.0}, {"trade_seq": 9779, "trade_id": "193346960", "timestamp": 1638612850044, "tick_direction": 0, "price": 0.0035, "mark_price": 0.00325836, "iv": 98.57, "instrument_name": "BTC-31DEC21-80000-C", "index_price": 47591.18, "direction": "buy", "amount": 2.0}, {"trade_seq": 9778, "trade_id": "193346909", "timestamp": 1638612841247, "tick_direction": 2, "price": 0.003, "mark_price": 0.00326615, "iv": 96.06, "instrument_name": "BTC-31DEC21-80000-C", "index_price": 47620.18, "direction": "sell", "amount": 1.0}, {"trade_seq": 9777, "trade_id": "193343563", "timestamp": 1638611071896, "tick_direction": 0, "price": 0.0035, "mark_price": 0.00313989, "iv": 98.65, "instrument_name": "BTC-31DEC21-80000-C", "index_price": 47538.77, "direction": "buy", "amount": 0.1}, {"trade_seq": 9776, "trade_id": "193341876", "timestamp": 1638610451209, "tick_direction": 0, "price": 0.003, "mark_price": 0.0027924, "iv": 95.91, "instrument_name": "BTC-31DEC21-80000-C", "index_price": 47629.67, "direction": "buy", "amount": 5.0}, {"trade_seq": 9775, "trade_id": "193339130", "timestamp": 1638609742833, "tick_direction": 3, "price": 0.0025, "mark_price": 0.00277149, "iv": 93.54, "instrument_name": "BTC-31DEC21-80000-C", "index_price": 47526.19, "direction": "sell", "amount": 0.9}, {"trade_seq": 9774, "trade_id": "193339129", "timestamp": 1638609742833, "tick_direction": 2, "price": 0.0025, "mark_price": 0.00277149, "iv": 93.54, "instrument_name": "BTC-31DEC21-80000-C", "index_price": 47526.19, "direction": "sell", "amount": 0.1}, {"trade_seq": 9773, "trade_id": "193333037", "timestamp": 1638608032118, "tick_direction": 0, "price": 0.0035, "mark_price": 0.00291607, "iv": 98.12, "instrument_name": "BTC-31DEC21-80000-C", "index_price": 47705.99, "direction": "buy", "amount": 0.5}, {"trade_seq": 9772, "trade_id": "193332973", "timestamp": 1638608012305, "tick_direction": 3, "price": 0.003, "mark_price": 0.0029007, "iv": 95.69, "instrument_name": "BTC-31DEC21-80000-C", "index_price": 47689.32, "direction": "buy", "amount": 1.0}, {"trade_seq": 9771, "trade_id": "193331034", "timestamp": 1638607718569, "tick_direction": 3, "price": 0.003, "mark_price": 0.00317675, "iv": 95.59, "instrument_name": "BTC-31DEC21-80000-C", "index_price": 47693.51, "direction": "sell", "amount": 1.0}, {"trade_seq": 9770, "trade_id": "193331003", "timestamp": 1638607710696, "tick_direction": 3, "price": 0.003, "mark_price": 0.00317898, "iv": 95.57, "instrument_name": "BTC-31DEC21-80000-C", "index_price": 47706.0, "direction": "sell", "amount": 1.0}, {"trade_seq": 9769, "trade_id": "193330857", "timestamp": 1638607670259, "tick_direction": 2, "price": 0.003, "mark_price": 0.00318436, "iv": 95.49, "instrument_name": "BTC-31DEC21-80000-C", "index_price": 47737.82, "direction": "sell", "amount": 1.0}, {"trade_seq": 9768, "trade_id": "193324633", "timestamp": 1638606906435, "tick_direction": 1, "price": 0.0035, "mark_price": 0.00319967, "iv": 97.74, "instrument_name": "BTC-31DEC21-80000-C", "index_price": 47779.13, "direction": "buy", "amount": 0.4}, {"trade_seq": 9767, "trade_id": "193323095", "timestamp": 1638606727047, "tick_direction": 1, "price": 0.0035, "mark_price": 0.00312805, "iv": 97.83, "instrument_name": "BTC-31DEC21-80000-C", "index_price": 47772.92, "direction": "buy", "amount": 0.8}, {"trade_seq": 9766, "trade_id": "193314098", "timestamp": 1638605348815, "tick_direction": 1, "price": 0.0035, "mark_price": 0.00316818, "iv": 98.88, "instrument_name": "BTC-31DEC21-80000-C", "index_price": 47459.72, "direction": "buy", "amount": 1.0}, {"trade_seq": 9765, "trade_id": "193311419", "timestamp": 1638604970033, "tick_direction": 1, "price": 0.0035, "mark_price": 0.00309299, "iv": 99.59, "instrument_name": "BTC-31DEC21-80000-C", "index_price": 47182.29, "direction": "buy", "amount": 6.0}, {"trade_seq": 9764, "trade_id": "193300288", "timestamp": 1638603323935, "tick_direction": 0, "price": 0.0035, "mark_price": 0.00296784, "iv": 98.93, "instrument_name": "BTC-31DEC21-80000-C", "index_price": 47508.26, "direction": "buy", "amount": 2.5}, {"trade_seq": 9763, "trade_id": "193294785", "timestamp": 1638602699387, "tick_direction": 3, "price": 0.003, "mark_price": 0.00310862, "iv": 96.41, "instrument_name": "BTC-31DEC21-80000-C", "index_price": 47563.4, "direction": "buy", "amount": 2.5}, {"trade_seq": 9762, "trade_id": "193290389", "timestamp": 1638602253185, "tick_direction": 2, "price": 0.003, "mark_price": 0.00339606, "iv": 97.96, "instrument_name": "BTC-31DEC21-80000-C", "index_price": 47025.36, "direction": "sell", "amount": 4.1}, {"trade_seq": 9761, "trade_id": "193289900", "timestamp": 1638602176723, "tick_direction": 0, "price": 0.0035, "mark_price": 0.00332216, "iv": 100.98, "instrument_name": "BTC-31DEC21-80000-C", "index_price": 46810.93, "direction": "buy", "amount": 0.1}, {"trade_seq": 9760, "trade_id": "193288427", "timestamp": 1638601981330, "tick_direction": 3, "price": 0.003, "mark_price": 0.00353, "iv": 98.15, "instrument_name": "BTC-31DEC21-80000-C", "index_price": 46971.54, "direction": "sell", "amount": 1.2}, {"trade_seq": 9759, "trade_id": "193288283", "timestamp": 1638601955134, "tick_direction": 3, "price": 0.003, "mark_price": 0.00356783, "iv": 98.0, "instrument_name": "BTC-31DEC21-80000-C", "index_price": 47011.55, "direction": "sell", "amount": 1.9}, {"trade_seq": 9758, "trade_id": "193288193", "timestamp": 1638601930646, "tick_direction": 2, "price": 0.003, "mark_price": 0.00355179, "iv": 98.11, "instrument_name": "BTC-31DEC21-80000-C", "index_price": 46948.42, "direction": "sell", "amount": 2.8}, {"trade_seq": 9757, "trade_id": "193287886", "timestamp": 1638601890371, "tick_direction": 3, "price": 0.0035, "mark_price": 0.00356873, "iv": 100.59, "instrument_name": "BTC-31DEC21-80000-C", "index_price": 46957.53, "direction": "sell", "amount": 6.0}, {"trade_seq": 9756, "trade_id": "193287387", "timestamp": 1638601843669, "tick_direction": 3, "price": 0.0035, "mark_price": 0.00350836, "iv": 100.66, "instrument_name": "BTC-31DEC21-80000-C", "index_price": 46954.78, "direction": "sell", "amount": 1.0}, {"trade_seq": 9755, "trade_id": "193284649", "timestamp": 1638601462986, "tick_direction": 3, "price": 0.0035, "mark_price": 0.0036887, "iv": 99.09, "instrument_name": "BTC-31DEC21-80000-C", "index_price": 47426.23, "direction": "sell", "amount": 1.0}, {"trade_seq": 9754, "trade_id": "193284541", "timestamp": 1638601441166, "tick_direction": 2, "price": 0.0035, "mark_price": 0.00366909, "iv": 99.15, "instrument_name": "BTC-31DEC21-80000-C", "index_price": 47413.91, "direction": "sell", "amount": 1.0}, {"trade_seq": 9753, "trade_id": "193278692", "timestamp": 1638600755824, "tick_direction": 0, "price": 0.004, "mark_price": 0.00391239, "iv": 100.53, "instrument_name": "BTC-31DEC21-80000-C", "index_price": 47728.66, "direction": "sell", "amount": 1.0}, {"trade_seq": 9752, "trade_id": "193277877", "timestamp": 1638600628438, "tick_direction": 2, "price": 0.0035, "mark_price": 0.00385497, "iv": 98.33, "instrument_name": "BTC-31DEC21-80000-C", "index_price": 47759.53, "direction": "sell", "amount": 1.0}, {"trade_seq": 9751, "trade_id": "193277544", "timestamp": 1638600595911, "tick_direction": 1, "price": 0.0045, "mark_price": 0.00383448, "iv": 102.55, "instrument_name": "BTC-31DEC21-80000-C", "index_price": 47789.41, "direction": "sell", "amount": 6.3}, {"trade_seq": 9750, "trade_id": "193277543", "timestamp": 1638600595908, "tick_direction": 0, "price": 0.0045, "mark_price": 0.00383448, "iv": 102.55, "instrument_name": "BTC-31DEC21-80000-C", "index_price": 47789.41, "direction": "buy", "amount": 3.7}, {"trade_seq": 9749, "trade_id": "193272115", "timestamp": 1638599825449, "tick_direction": 2, "price": 0.0035, "mark_price": 0.004526, "iv": 97.02, "instrument_name": "BTC-31DEC21-80000-C", "index_price": 48176.2, "direction": "sell", "amount": 1.0}, {"trade_seq": 9748, "trade_id": "193256457", "timestamp": 1638598180048, "tick_direction": 3, "price": 0.005, "mark_price": 0.00520661, "iv": 106.36, "instrument_name": "BTC-31DEC21-80000-C", "index_price": 47350.48, "direction": "sell", "amount": 1.1}, {"trade_seq": 9747, "trade_id": "193256445", "timestamp": 1638598179888, "tick_direction": 2, "price": 0.005, "mark_price": 0.00520661, "iv": 106.29, "instrument_name": "BTC-31DEC21-80000-C", "index_price": 47373.99, "direction": "sell", "amount": 1.4}, {"trade_seq": 9746, "trade_id": "193244501", "timestamp": 1638597460769, "tick_direction": 2, "price": 0.008, "mark_price": 0.00610716, "iv": 115.43, "instrument_name": "BTC-31DEC21-80000-C", "index_price": 47559.59, "direction": "buy", "amount": 1.0}, {"trade_seq": 9745, "trade_id": "193243860", "timestamp": 1638597428802, "tick_direction": 1, "price": 0.0085, "mark_price": 0.00617601, "iv": 116.64, "instrument_name": "BTC-31DEC21-80000-C", "index_price": 47650.51, "direction": "sell", "amount": 1.0}, {"trade_seq": 9744, "trade_id": "193242511", "timestamp": 1638597340762, "tick_direction": 0, "price": 0.0085, "mark_price": 0.00597248, "iv": 117.27, "instrument_name": "BTC-31DEC21-80000-C", "index_price": 47442.31, "direction": "buy", "amount": 1.0}, {"trade_seq": 9743, "trade_id": "193238209", "timestamp": 1638597060138, "tick_direction": 1, "price": 0.0075, "mark_price": 0.00538399, "iv": 114.75, "instrument_name": "BTC-31DEC21-80000-C", "index_price": 47421.36, "direction": "sell", "amount": 2.5}, {"trade_seq": 9742, "trade_id": "193238208", "timestamp": 1638597060121, "tick_direction": 0, "price": 0.0075, "mark_price": 0.00538399, "iv": 114.75, "instrument_name": "BTC-31DEC21-80000-C", "index_price": 47421.36, "direction": "buy", "amount": 0.5}, {"trade_seq": 9741, "trade_id": "193230078", "timestamp": 1638596627477, "tick_direction": 0, "price": 0.0045, "mark_price": 0.00498825, "iv": 105.7, "instrument_name": "BTC-31DEC21-80000-C", "index_price": 47120.87, "direction": "buy", "amount": 1.0}, {"trade_seq": 9740, "trade_id": "193206364", "timestamp": 1638595996904, "tick_direction": 2, "price": 0.004, "mark_price": 0.00450484, "iv": 104.94, "instrument_name": "BTC-31DEC21-80000-C", "index_price": 46735.17, "direction": "buy", "amount": 1.0}, {"trade_seq": 9739, "trade_id": "193153677", "timestamp": 1638594349827, "tick_direction": 2, "price": 0.0045, "mark_price": 0.00333568, "iv": 99.16, "instrument_name": "BTC-31DEC21-80000-C", "index_price": 48814.98, "direction": "buy", "amount": 1.0}, {"trade_seq": 9738, "trade_id": "193115148", "timestamp": 1638591041233, "tick_direction": 2, "price": 0.0055, "mark_price": 0.00515683, "iv": 90.51, "instrument_name": "BTC-31DEC21-80000-C", "index_price": 52352.22, "direction": "buy", "amount": 1.5}, {"trade_seq": 9737, "trade_id": "193099509", "timestamp": 1638582230417, "tick_direction": 2, "price": 0.006, "mark_price": 0.0059313, "iv": 90.26, "instrument_name": "BTC-31DEC21-80000-C", "index_price": 52861.4, "direction": "sell", "amount": 3.0}, {"trade_seq": 9736, "trade_id": "193098974", "timestamp": 1638581903949, "tick_direction": 0, "price": 0.0065, "mark_price": 0.00588983, "iv": 92.06, "instrument_name": "BTC-31DEC21-80000-C", "index_price": 52761.57, "direction": "buy", "amount": 1.0}, {"trade_seq": 9735, "trade_id": "193093358", "timestamp": 1638580040463, "tick_direction": 2, "price": 0.0055, "mark_price": 0.00539106, "iv": 88.46, "instrument_name": "BTC-31DEC21-80000-C", "index_price": 52948.95, "direction": "sell", "amount": 4.4}, {"trade_seq": 9734, "trade_id": "193090543", "timestamp": 1638579399377, "tick_direction": 1, "price": 0.006, "mark_price": 0.0049118, "iv": 88.97, "instrument_name": "BTC-31DEC21-80000-C", "index_price": 53282.56, "direction": "buy", "amount": 5.6}, {"trade_seq": 9733, "trade_id": "193090542", "timestamp": 1638579399377, "tick_direction": 1, "price": 0.006, "mark_price": 0.0049118, "iv": 88.97, "instrument_name": "BTC-31DEC21-80000-C", "index_price": 53282.56, "direction": "buy", "amount": 10.0}, {"trade_seq": 9732, "trade_id": "193090541", "timestamp": 1638579399377, "tick_direction": 1, "price": 0.006, "mark_price": 0.0049118, "iv": 88.97, "instrument_name": "BTC-31DEC21-80000-C", "index_price": 53282.56, "direction": "buy", "amount": 25.0}, {"trade_seq": 9731, "trade_id": "193090540", "timestamp": 1638579399377, "tick_direction": 1, "price": 0.006, "mark_price": 0.0049118, "iv": 88.97, "instrument_name": "BTC-31DEC21-80000-C", "index_price": 53282.56, "direction": "buy", "amount": 16.0}, {"trade_seq": 9730, "trade_id": "193090539", "timestamp": 1638579399377, "tick_direction": 0, "price": 0.006, "mark_price": 0.0049118, "iv": 88.97, "instrument_name": "BTC-31DEC21-80000-C", "index_price": 53282.56, "direction": "buy", "amount": 11.6}, {"trade_seq": 9729, "trade_id": "193090538", "timestamp": 1638579399377, "tick_direction": 1, "price": 0.0055, "mark_price": 0.0049118, "iv": 87.44, "instrument_name": "BTC-31DEC21-80000-C", "index_price": 53282.56, "direction": "buy", "amount": 2.6}, {"trade_seq": 9728, "trade_id": "193090537", "timestamp": 1638579399377, "tick_direction": 1, "price": 0.0055, "mark_price": 0.0049118, "iv": 87.44, "instrument_name": "BTC-31DEC21-80000-C", "index_price": 53282.56, "direction": "buy", "amount": 4.9}, {"trade_seq": 9727, "trade_id": "193090526", "timestamp": 1638579390139, "tick_direction": 1, "price": 0.0055, "mark_price": 0.00489521, "iv": 87.46, "instrument_name": "BTC-31DEC21-80000-C", "index_price": 53277.06, "direction": "buy", "amount": 10.4}, {"trade_seq": 9726, "trade_id": "193090525", "timestamp": 1638579390139, "tick_direction": 1, "price": 0.0055, "mark_price": 0.00489521, "iv": 87.46, "instrument_name": "BTC-31DEC21-80000-C", "index_price": 53277.06, "direction": "buy", "amount": 2.4}, {"trade_seq": 9725, "trade_id": "193090524", "timestamp": 1638579390139, "tick_direction": 1, "price": 0.0055, "mark_price": 0.00489521, "iv": 87.46, "instrument_name": "BTC-31DEC21-80000-C", "index_price": 53277.06, "direction": "buy", "amount": 7.1}, {"trade_seq": 9724, "trade_id": "193090523", "timestamp": 1638579390139, "tick_direction": 1, "price": 0.0055, "mark_price": 0.00489521, "iv": 87.46, "instrument_name": "BTC-31DEC21-80000-C", "index_price": 53277.06, "direction": "buy", "amount": 10.0}, {"trade_seq": 9723, "trade_id": "193090522", "timestamp": 1638579390139, "tick_direction": 1, "price": 0.0055, "mark_price": 0.00489521, "iv": 87.46, "instrument_name": "BTC-31DEC21-80000-C", "index_price": 53277.06, "direction": "buy", "amount": 10.9}, {"trade_seq": 9722, "trade_id": "193090521", "timestamp": 1638579390139, "tick_direction": 0, "price": 0.0055, "mark_price": 0.00489521, "iv": 87.46, "instrument_name": "BTC-31DEC21-80000-C", "index_price": 53277.06, "direction": "buy", "amount": 10.0}, {"trade_seq": 9721, "trade_id": "193088046", "timestamp": 1638578722722, "tick_direction": 1, "price": 0.005, "mark_price": 0.00467474, "iv": 85.41, "instrument_name": "BTC-31DEC21-80000-C", "index_price": 53414.61, "direction": "buy", "amount": 0.1}, {"trade_seq": 9720, "trade_id": "193076877", "timestamp": 1638570483535, "tick_direction": 1, "price": 0.005, "mark_price": 0.00474553, "iv": 85.18, "instrument_name": "BTC-31DEC21-80000-C", "index_price": 53420.03, "direction": "buy", "amount": 1.4}, {"trade_seq": 9719, "trade_id": "193076280", "timestamp": 1638570051664, "tick_direction": 1, "price": 0.005, "mark_price": 0.00471027, "iv": 85.17, "instrument_name": "BTC-31DEC21-80000-C", "index_price": 53441.1, "direction": "buy", "amount": 1.3}, {"trade_seq": 9718, "trade_id": "193073637", "timestamp": 1638569139238, "tick_direction": 0, "price": 0.005, "mark_price": 0.00489554, "iv": 85.18, "instrument_name": "BTC-31DEC21-80000-C", "index_price": 53441.71, "direction": "buy", "amount": 2.1}, {"trade_seq": 9717, "trade_id": "193061235", "timestamp": 1638565570262, "tick_direction": 3, "price": 0.0045, "mark_price": 0.00511648, "iv": 82.59, "instrument_name": "BTC-31DEC21-80000-C", "index_price": 53726.59, "direction": "sell", "amount": 19.1}, {"trade_seq": 9716, "trade_id": "193061234", "timestamp": 1638565570262, "tick_direction": 3, "price": 0.0045, "mark_price": 0.00511648, "iv": 82.59, "instrument_name": "BTC-31DEC21-80000-C", "index_price": 53726.59, "direction": "sell", "amount": 10.0}, {"trade_seq": 9715, "trade_id": "193061233", "timestamp": 1638565570262, "tick_direction": 3, "price": 0.0045, "mark_price": 0.00511648, "iv": 82.59, "instrument_name": "BTC-31DEC21-80000-C", "index_price": 53726.59, "direction": "sell", "amount": 10.0}, {"trade_seq": 9714, "trade_id": "193061232", "timestamp": 1638565570262, "tick_direction": 3, "price": 0.0045, "mark_price": 0.00511648, "iv": 82.59, "instrument_name": "BTC-31DEC21-80000-C", "index_price": 53726.59, "direction": "sell", "amount": 2.0}, {"trade_seq": 9713, "trade_id": "193061231", "timestamp": 1638565570262, "tick_direction": 3, "price": 0.0045, "mark_price": 0.00511648, "iv": 82.59, "instrument_name": "BTC-31DEC21-80000-C", "index_price": 53726.59, "direction": "sell", "amount": 40.0}, {"trade_seq": 9712, "trade_id": "193061230", "timestamp": 1638565570262, "tick_direction": 2, "price": 0.0045, "mark_price": 0.00511648, "iv": 82.59, "instrument_name": "BTC-31DEC21-80000-C", "index_price": 53726.59, "direction": "sell", "amount": 30.0}, {"trade_seq": 9711, "trade_id": "193021520", "timestamp": 1638562680919, "tick_direction": 2, "price": 0.0055, "mark_price": 0.00533203, "iv": 87.38, "instrument_name": "BTC-31DEC21-80000-C", "index_price": 53213.69, "direction": "sell", "amount": 0.1}, {"trade_seq": 9710, "trade_id": "193014531", "timestamp": 1638561863734, "tick_direction": 1, "price": 0.006, "mark_price": 0.00552282, "iv": 87.0, "instrument_name": "BTC-31DEC21-80000-C", "index_price": 53763.87, "direction": "buy", "amount": 1.0}, {"trade_seq": 9709, "trade_id": "193005057", "timestamp": 1638560137238, "tick_direction": 1, "price": 0.006, "mark_price": 0.00616312, "iv": 85.55, "instrument_name": "BTC-31DEC21-80000-C", "index_price": 54187.87, "direction": "sell", "amount": 1.3}, {"trade_seq": 9708, "trade_id": "193002863", "timestamp": 1638559764781, "tick_direction": 1, "price": 0.006, "mark_price": 0.00604155, "iv": 85.39, "instrument_name": "BTC-31DEC21-80000-C", "index_price": 54258.66, "direction": "sell", "amount": 1.2}, {"trade_seq": 9707, "trade_id": "193002494", "timestamp": 1638559712580, "tick_direction": 1, "price": 0.006, "mark_price": 0.0060712, "iv": 85.24, "instrument_name": "BTC-31DEC21-80000-C", "index_price": 54284.77, "direction": "sell", "amount": 1.4}, {"trade_seq": 9706, "trade_id": "193002445", "timestamp": 1638559709878, "tick_direction": 1, "price": 0.006, "mark_price": 0.00608586, "iv": 85.17, "instrument_name": "BTC-31DEC21-80000-C", "index_price": 54309.02, "direction": "sell", "amount": 1.2}, {"trade_seq": 9705, "trade_id": "193000736", "timestamp": 1638559390833, "tick_direction": 1, "price": 0.006, "mark_price": 0.00601613, "iv": 84.97, "instrument_name": "BTC-31DEC21-80000-C", "index_price": 54372.57, "direction": "sell", "amount": 1.3}, {"trade_seq": 9704, "trade_id": "193000209", "timestamp": 1638559308095, "tick_direction": 1, "price": 0.006, "mark_price": 0.00599543, "iv": 84.9, "instrument_name": "BTC-31DEC21-80000-C", "index_price": 54405.48, "direction": "sell", "amount": 1.2}, {"trade_seq": 9703, "trade_id": "193000116", "timestamp": 1638559303030, "tick_direction": 1, "price": 0.006, "mark_price": 0.00599527, "iv": 84.82, "instrument_name": "BTC-31DEC21-80000-C", "index_price": 54429.33, "direction": "sell", "amount": 1.2}, {"trade_seq": 9702, "trade_id": "193000026", "timestamp": 1638559295583, "tick_direction": 0, "price": 0.006, "mark_price": 0.00601629, "iv": 84.75, "instrument_name": "BTC-31DEC21-80000-C", "index_price": 54459.58, "direction": "sell", "amount": 1.2}, {"trade_seq": 9701, "trade_id": "192986876", "timestamp": 1638553170046, "tick_direction": 2, "price": 0.0055, "mark_price": 0.00607465, "iv": 81.52, "instrument_name": "BTC-31DEC21-80000-C", "index_price": 54952.77, "direction": "sell", "amount": 1.0}, {"trade_seq": 9700, "trade_id": "192984866", "timestamp": 1638552343079, "tick_direction": 3, "price": 0.006, "mark_price": 0.00642065, "iv": 82.7, "instrument_name": "BTC-31DEC21-80000-C", "index_price": 55056.05, "direction": "sell", "amount": 9.4}, {"trade_seq": 9699, "trade_id": "192984865", "timestamp": 1638552343079, "tick_direction": 3, "price": 0.006, "mark_price": 0.00642065, "iv": 82.7, "instrument_name": "BTC-31DEC21-80000-C", "index_price": 55056.05, "direction": "sell", "amount": 3.1}, {"trade_seq": 9698, "trade_id": "192979408", "timestamp": 1638551080157, "tick_direction": 2, "price": 0.006, "mark_price": 0.00628292, "iv": 83.34, "instrument_name": "BTC-31DEC21-80000-C", "index_price": 54880.84, "direction": "buy", "amount": 0.2}, {"trade_seq": 9697, "trade_id": "192969745", "timestamp": 1638549429293, "tick_direction": 3, "price": 0.0065, "mark_price": 0.00687446, "iv": 82.74, "instrument_name": "BTC-31DEC21-80000-C", "index_price": 55450.43, "direction": "sell", "amount": 0.7}, {"trade_seq": 9696, "trade_id": "192966682", "timestamp": 1638548496232, "tick_direction": 3, "price": 0.0065, "mark_price": 0.00701101, "iv": 83.05, "instrument_name": "BTC-31DEC21-80000-C", "index_price": 55367.11, "direction": "sell", "amount": 4.4}, {"trade_seq": 9695, "trade_id": "192965702", "timestamp": 1638548255767, "tick_direction": 3, "price": 0.0065, "mark_price": 0.00702914, "iv": 83.17, "instrument_name": "BTC-31DEC21-80000-C", "index_price": 55336.24, "direction": "sell", "amount": 4.6}, {"trade_seq": 9694, "trade_id": "192965701", "timestamp": 1638548255767, "tick_direction": 3, "price": 0.0065, "mark_price": 0.00702914, "iv": 83.17, "instrument_name": "BTC-31DEC21-80000-C", "index_price": 55336.24, "direction": "sell", "amount": 5.4}, {"trade_seq": 9693, "trade_id": "192965700", "timestamp": 1638548255767, "tick_direction": 2, "price": 0.0065, "mark_price": 0.00702914, "iv": 83.17, "instrument_name": "BTC-31DEC21-80000-C", "index_price": 55336.24, "direction": "sell", "amount": 10.0}, {"trade_seq": 9692, "trade_id": "192965393", "timestamp": 1638548209991, "tick_direction": 1, "price": 0.0075, "mark_price": 0.00693594, "iv": 86.0, "instrument_name": "BTC-31DEC21-80000-C", "index_price": 55278.44, "direction": "buy", "amount": 2.0}, {"trade_seq": 9691, "trade_id": "192965392", "timestamp": 1638548209991, "tick_direction": 1, "price": 0.0075, "mark_price": 0.00693594, "iv": 86.0, "instrument_name": "BTC-31DEC21-80000-C", "index_price": 55278.44, "direction": "buy", "amount": 6.0}, {"trade_seq": 9690, "trade_id": "192965391", "timestamp": 1638548209991, "tick_direction": 0, "price": 0.0075, "mark_price": 0.00693594, "iv": 86.0, "instrument_name": "BTC-31DEC21-80000-C", "index_price": 55278.44, "direction": "buy", "amount": 2.0}, {"trade_seq": 9689, "trade_id": "192961542", "timestamp": 1638547949090, "tick_direction": 2, "price": 0.007, "mark_price": 0.00680741, "iv": 85.45, "instrument_name": "BTC-31DEC21-80000-C", "index_price": 55063.91, "direction": "sell", "amount": 1.0}, {"trade_seq": 9688, "trade_id": "192948912", "timestamp": 1638546606598, "tick_direction": 0, "price": 0.008, "mark_price": 0.00800773, "iv": 84.87, "instrument_name": "BTC-31DEC21-80000-C", "index_price": 55917.19, "direction": "sell", "amount": 0.1}, {"trade_seq": 9687, "trade_id": "192908846", "timestamp": 1638527436405, "tick_direction": 2, "price": 0.0075, "mark_price": 0.00773399, "iv": 80.01, "instrument_name": "BTC-31DEC21-80000-C", "index_price": 56924.98, "direction": "sell", "amount": 3.0}, {"trade_seq": 9686, "trade_id": "192904656", "timestamp": 1638525668483, "tick_direction": 0, "price": 0.008, "mark_price": 0.00819593, "iv": 80.45, "instrument_name": "BTC-31DEC21-80000-C", "index_price": 57140.02, "direction": "buy", "amount": 1.0}, {"trade_seq": 9685, "trade_id": "192903862", "timestamp": 1638525547306, "tick_direction": 3, "price": 0.0075, "mark_price": 0.00794544, "iv": 80.09, "instrument_name": "BTC-31DEC21-80000-C", "index_price": 56889.57, "direction": "sell", "amount": 2.0}, {"trade_seq": 9684, "trade_id": "192902563", "timestamp": 1638524498265, "tick_direction": 3, "price": 0.0075, "mark_price": 0.00754485, "iv": 81.1, "instrument_name": "BTC-31DEC21-80000-C", "index_price": 56591.54, "direction": "sell", "amount": 2.2}, {"trade_seq": 9683, "trade_id": "192901105", "timestamp": 1638522189563, "tick_direction": 3, "price": 0.0075, "mark_price": 0.007503, "iv": 81.05, "instrument_name": "BTC-31DEC21-80000-C", "index_price": 56590.29, "direction": "sell", "amount": 0.1}, {"trade_seq": 9682, "trade_id": "192901097", "timestamp": 1638522176963, "tick_direction": 3, "price": 0.0075, "mark_price": 0.00749348, "iv": 81.06, "instrument_name": "BTC-31DEC21-80000-C", "index_price": 56589.98, "direction": "buy", "amount": 2.1}, {"trade_seq": 9681, "trade_id": "192899937", "timestamp": 1638520619036, "tick_direction": 2, "price": 0.0075, "mark_price": 0.00750231, "iv": 80.99, "instrument_name": "BTC-31DEC21-80000-C", "index_price": 56578.87, "direction": "buy", "amount": 5.0}, {"trade_seq": 9680, "trade_id": "192890103", "timestamp": 1638515364100, "tick_direction": 3, "price": 0.008, "mark_price": 0.0085983, "iv": 81.2, "instrument_name": "BTC-31DEC21-80000-C", "index_price": 56890.72, "direction": "sell", "amount": 20.0}, {"trade_seq": 9679, "trade_id": "192889898", "timestamp": 1638515138577, "tick_direction": 3, "price": 0.008, "mark_price": 0.008646, "iv": 81.36, "instrument_name": "BTC-31DEC21-80000-C", "index_price": 56845.91, "direction": "sell", "amount": 6.4}, {"trade_seq": 9678, "trade_id": "192889897", "timestamp": 1638515138577, "tick_direction": 3, "price": 0.008, "mark_price": 0.008646, "iv": 81.36, "instrument_name": "BTC-31DEC21-80000-C", "index_price": 56845.91, "direction": "sell", "amount": 12.0}, {"trade_seq": 9677, "trade_id": "192889896", "timestamp": 1638515138577, "tick_direction": 2, "price": 0.008, "mark_price": 0.008646, "iv": 81.36, "instrument_name": "BTC-31DEC21-80000-C", "index_price": 56845.91, "direction": "sell", "amount": 1.6}, {"trade_seq": 9676, "trade_id": "192873694", "timestamp": 1638497279063, "tick_direction": 2, "price": 0.0085, "mark_price": 0.00895632, "iv": 83.21, "instrument_name": "BTC-31DEC21-80000-C", "index_price": 56545.18, "direction": "sell", "amount": 0.3}, {"trade_seq": 9675, "trade_id": "192871894", "timestamp": 1638495184563, "tick_direction": 3, "price": 0.009, "mark_price": 0.00937436, "iv": 84.14, "instrument_name": "BTC-31DEC21-80000-C", "index_price": 56587.27, "direction": "sell", "amount": 0.3}, {"trade_seq": 9674, "trade_id": "192871893", "timestamp": 1638495184563, "tick_direction": 3, "price": 0.009, "mark_price": 0.00937436, "iv": 84.14, "instrument_name": "BTC-31DEC21-80000-C", "index_price": 56587.27, "direction": "sell", "amount": 0.1}, {"trade_seq": 9673, "trade_id": "192867661", "timestamp": 1638489265098, "tick_direction": 3, "price": 0.009, "mark_price": 0.00937243, "iv": 84.3, "instrument_name": "BTC-31DEC21-80000-C", "index_price": 56479.65, "direction": "sell", "amount": 0.5}, {"trade_seq": 9672, "trade_id": "192863245", "timestamp": 1638483316406, "tick_direction": 2, "price": 0.009, "mark_price": 0.00948376, "iv": 83.14, "instrument_name": "BTC-31DEC21-80000-C", "index_price": 56814.29, "direction": "sell", "amount": 0.1}, {"trade_seq": 9671, "trade_id": "192862019", "timestamp": 1638481489792, "tick_direction": 1, "price": 0.0095, "mark_price": 0.0093461, "iv": 83.32, "instrument_name": "BTC-31DEC21-80000-C", "index_price": 57054.72, "direction": "buy", "amount": 1.4}, {"trade_seq": 9670, "trade_id": "192862011", "timestamp": 1638481481698, "tick_direction": 1, "price": 0.0095, "mark_price": 0.00933404, "iv": 83.33, "instrument_name": "BTC-31DEC21-80000-C", "index_price": 57053.39, "direction": "buy", "amount": 1.3}