{"trades": [{"trade_seq": 857, "trade_id": "235709573", "timestamp": 1668354419287, "tick_direction": 3, "price": 0.0005, "mark_price": 2.7e-07, "iv": 198.21, "instrument_name": "BTC-30DEC22-150000-C", "index_price": 16564.49, "direction": "buy", "amount": 0.3}, {"trade_seq": 856, "trade_id": "235709548", "timestamp": 1668354355024, "tick_direction": 2, "price": 0.0005, "mark_price": 2.7e-07, "iv": 198.18, "instrument_name": "BTC-30DEC22-150000-C", "index_price": 16570.22, "direction": "buy", "amount": 0.2}, {"trade_seq": 855, "trade_id": "234722492", "timestamp": 1668029362609, "tick_direction": 0, "price": 0.001, "mark_price": 1e-08, "liquidation": "T", "iv": 205.74, "instrument_name": "BTC-30DEC22-150000-C", "index_price": 15819.53, "direction": "buy", "amount": 0.2}, {"trade_seq": 854, "trade_id": "232747937", "timestamp": 1666732694526, "tick_direction": 3, "price": 0.0005, "mark_price": 3.74e-06, "iv": 154.11, "instrument_name": "BTC-30DEC22-150000-C", "index_price": 20151.1, "direction": "sell", "amount": 0.1}, {"trade_seq": 853, "trade_id": "230238730", "timestamp": 1664198289849, "tick_direction": 3, "price": 0.0005, "mark_price": 6.421e-05, "iv": 131.09, "instrument_name": "BTC-30DEC22-150000-C", "index_price": 19086.85, "direction": "sell", "amount": 24.0}, {"trade_seq": 852, "trade_id": "230238729", "timestamp": 1664198289836, "tick_direction": 3, "price": 0.0005, "mark_price": 6.421e-05, "iv": 131.09, "instrument_name": "BTC-30DEC22-150000-C", "index_price": 19086.85, "direction": "sell", "amount": 19.7}, {"trade_seq": 851, "trade_id": "230238728", "timestamp": 1664198289826, "tick_direction": 3, "price": 0.0005, "mark_price": 6.421e-05, "iv": 131.09, "instrument_name": "BTC-30DEC22-150000-C", "index_price": 19086.85, "direction": "sell", "amount": 23.2}, {"trade_seq": 850, "trade_id": "230238727", "timestamp": 1664198289823, "tick_direction": 3, "price": 0.0005, "mark_price": 6.421e-05, "iv": 131.09, "instrument_name": "BTC-30DEC22-150000-C", "index_price": 19086.85, "direction": "buy", "amount": 12.8}, {"trade_seq": 849, "trade_id": "230238726", "timestamp": 1664198289823, "tick_direction": 3, "price": 0.0005, "mark_price": 6.421e-05, "iv": 131.09, "instrument_name": "BTC-30DEC22-150000-C", "index_price": 19086.85, "direction": "buy", "amount": 5.0}, {"trade_seq": 848, "trade_id": "230050876", "timestamp": 1663965888283, "tick_direction": 3, "price": 0.0005, "mark_price": 7.501e-05, "iv": 129.75, "instrument_name": "BTC-30DEC22-150000-C", "index_price": 18907.31, "direction": "sell", "amount": 6.3}, {"trade_seq": 847, "trade_id": "230050875", "timestamp": 1663965888241, "tick_direction": 3, "price": 0.0005, "mark_price": 7.501e-05, "iv": 129.75, "instrument_name": "BTC-30DEC22-150000-C", "index_price": 18907.31, "direction": "sell", "amount": 18.0}, {"trade_seq": 846, "trade_id": "230050874", "timestamp": 1663965888238, "tick_direction": 3, "price": 0.0005, "mark_price": 7.501e-05, "iv": 129.75, "instrument_name": "BTC-30DEC22-150000-C", "index_price": 18907.31, "direction": "sell", "amount": 22.7}, {"trade_seq": 845, "trade_id": "230050873", "timestamp": 1663965888236, "tick_direction": 3, "price": 0.0005, "mark_price": 7.501e-05, "iv": 129.75, "instrument_name": "BTC-30DEC22-150000-C", "index_price": 18907.31, "direction": "buy", "amount": 3.0}, {"trade_seq": 844, "trade_id": "227839582", "timestamp": 1661841787758, "tick_direction": 2, "price": 0.0005, "mark_price": 0.00052602, "iv": 112.35, "instrument_name": "BTC-30DEC22-150000-C", "index_price": 20380.99, "direction": "sell", "amount": 1.0}, {"trade_seq": 843, "trade_id": "227509281", "timestamp": 1661508261944, "tick_direction": 3, "price": 0.001, "mark_price": 0.00077344, "iv": 115.02, "instrument_name": "BTC-30DEC22-150000-C", "index_price": 21443.19, "direction": "buy", "amount": 6.1}, {"trade_seq": 842, "trade_id": "227509280", "timestamp": 1661508261940, "tick_direction": 3, "price": 0.001, "mark_price": 0.00077344, "iv": 115.02, "instrument_name": "BTC-30DEC22-150000-C", "index_price": 21443.19, "direction": "sell", "amount": 3.0}, {"trade_seq": 841, "trade_id": "227505342", "timestamp": 1661502533883, "tick_direction": 3, "price": 0.001, "mark_price": 0.0013406, "iv": 115.04, "instrument_name": "BTC-30DEC22-150000-C", "index_price": 21421.58, "direction": "sell", "amount": 20.4}, {"trade_seq": 840, "trade_id": "227505341", "timestamp": 1661502531684, "tick_direction": 3, "price": 0.001, "mark_price": 0.00134148, "iv": 115.04, "instrument_name": "BTC-30DEC22-150000-C", "index_price": 21423.03, "direction": "sell", "amount": 20.4}, {"trade_seq": 839, "trade_id": "227505065", "timestamp": 1661502299370, "tick_direction": 3, "price": 0.001, "mark_price": 0.00141925, "iv": 114.98, "instrument_name": "BTC-30DEC22-150000-C", "index_price": 21445.57, "direction": "sell", "amount": 20.4}, {"trade_seq": 838, "trade_id": "227135931", "timestamp": 1661022214549, "tick_direction": 2, "price": 0.001, "mark_price": 0.00142969, "iv": 113.19, "instrument_name": "BTC-30DEC22-150000-C", "index_price": 21126.24, "direction": "sell", "amount": 35.0}, {"trade_seq": 837, "trade_id": "226984437", "timestamp": 1660899391213, "tick_direction": 2, "price": 0.0015, "mark_price": 0.00174089, "iv": 115.56, "instrument_name": "BTC-30DEC22-150000-C", "index_price": 21825.75, "direction": "sell", "amount": 2.5}, {"trade_seq": 836, "trade_id": "226790290", "timestamp": 1660747697828, "tick_direction": 1, "price": 0.002, "mark_price": 0.00179487, "iv": 114.51, "instrument_name": "BTC-30DEC22-150000-C", "index_price": 23391.87, "direction": "buy", "amount": 3.4}, {"trade_seq": 835, "trade_id": "226790289", "timestamp": 1660747697828, "tick_direction": 1, "price": 0.002, "mark_price": 0.00179487, "iv": 114.51, "instrument_name": "BTC-30DEC22-150000-C", "index_price": 23391.87, "direction": "buy", "amount": 4.0}, {"trade_seq": 834, "trade_id": "226665160", "timestamp": 1660632644635, "tick_direction": 0, "price": 0.002, "mark_price": 0.00177041, "iv": 112.6, "instrument_name": "BTC-30DEC22-150000-C", "index_price": 24033.89, "direction": "buy", "amount": 1.0}, {"trade_seq": 833, "trade_id": "226603915", "timestamp": 1660560770258, "tick_direction": 1, "price": 0.0015, "mark_price": 0.00124161, "iv": 108.54, "instrument_name": "BTC-30DEC22-150000-C", "index_price": 24231.66, "direction": "buy", "amount": 3.4}, {"trade_seq": 832, "trade_id": "226603914", "timestamp": 1660560770258, "tick_direction": 1, "price": 0.0015, "mark_price": 0.00124161, "iv": 108.54, "instrument_name": "BTC-30DEC22-150000-C", "index_price": 24231.66, "direction": "buy", "amount": 10.0}, {"trade_seq": 831, "trade_id": "226603913", "timestamp": 1660560770258, "tick_direction": 0, "price": 0.0015, "mark_price": 0.00124161, "iv": 108.54, "instrument_name": "BTC-30DEC22-150000-C", "index_price": 24231.66, "direction": "buy", "amount": 1.5}, {"trade_seq": 830, "trade_id": "226284805", "timestamp": 1660199674421, "tick_direction": 3, "price": 0.001, "mark_price": 0.00138209, "iv": 102.11, "instrument_name": "BTC-30DEC22-150000-C", "index_price": 24552.51, "direction": "sell", "amount": 1.9}, {"trade_seq": 829, "trade_id": "226284804", "timestamp": 1660199674421, "tick_direction": 3, "price": 0.001, "mark_price": 0.00138209, "iv": 102.11, "instrument_name": "BTC-30DEC22-150000-C", "index_price": 24552.51, "direction": "sell", "amount": 0.1}, {"trade_seq": 828, "trade_id": "226284803", "timestamp": 1660199674421, "tick_direction": 3, "price": 0.001, "mark_price": 0.00138209, "iv": 102.11, "instrument_name": "BTC-30DEC22-150000-C", "index_price": 24552.51, "direction": "sell", "amount": 0.1}, {"trade_seq": 827, "trade_id": "226284802", "timestamp": 1660199674421, "tick_direction": 3, "price": 0.001, "mark_price": 0.00138209, "iv": 102.11, "instrument_name": "BTC-30DEC22-150000-C", "index_price": 24552.51, "direction": "sell", "amount": 0.1}, {"trade_seq": 826, "trade_id": "226284801", "timestamp": 1660199674421, "tick_direction": 3, "price": 0.001, "mark_price": 0.00138209, "iv": 102.11, "instrument_name": "BTC-30DEC22-150000-C", "index_price": 24552.51, "direction": "sell", "amount": 0.1}, {"trade_seq": 825, "trade_id": "226284800", "timestamp": 1660199674421, "tick_direction": 3, "price": 0.001, "mark_price": 0.00138209, "iv": 102.11, "instrument_name": "BTC-30DEC22-150000-C", "index_price": 24552.51, "direction": "sell", "amount": 0.1}, {"trade_seq": 824, "trade_id": "226284799", "timestamp": 1660199674421, "tick_direction": 3, "price": 0.001, "mark_price": 0.00138209, "iv": 102.11, "instrument_name": "BTC-30DEC22-150000-C", "index_price": 24552.51, "direction": "sell", "amount": 0.1}, {"trade_seq": 823, "trade_id": "226284798", "timestamp": 1660199674421, "tick_direction": 3, "price": 0.001, "mark_price": 0.00138209, "iv": 102.11, "instrument_name": "BTC-30DEC22-150000-C", "index_price": 24552.51, "direction": "sell", "amount": 0.1}, {"trade_seq": 822, "trade_id": "226284797", "timestamp": 1660199674421, "tick_direction": 3, "price": 0.001, "mark_price": 0.00138209, "iv": 102.11, "instrument_name": "BTC-30DEC22-150000-C", "index_price": 24552.51, "direction": "sell", "amount": 0.1}, {"trade_seq": 821, "trade_id": "226284796", "timestamp": 1660199674421, "tick_direction": 3, "price": 0.001, "mark_price": 0.00138209, "iv": 102.11, "instrument_name": "BTC-30DEC22-150000-C", "index_price": 24552.51, "direction": "sell", "amount": 0.1}, {"trade_seq": 820, "trade_id": "226284795", "timestamp": 1660199674421, "tick_direction": 3, "price": 0.001, "mark_price": 0.00138209, "iv": 102.11, "instrument_name": "BTC-30DEC22-150000-C", "index_price": 24552.51, "direction": "sell", "amount": 0.1}, {"trade_seq": 819, "trade_id": "226284794", "timestamp": 1660199674421, "tick_direction": 2, "price": 0.001, "mark_price": 0.00138209, "iv": 102.11, "instrument_name": "BTC-30DEC22-150000-C", "index_price": 24552.51, "direction": "sell", "amount": 0.1}, {"trade_seq": 818, "trade_id": "223926095", "timestamp": 1658374000057, "tick_direction": 2, "price": 0.002, "mark_price": 0.00187076, "iv": 105.45, "instrument_name": "BTC-30DEC22-150000-C", "index_price": 22786.1, "direction": "sell", "amount": 1.0}, {"trade_seq": 817, "trade_id": "223801154", "timestamp": 1658328852099, "tick_direction": 0, "price": 0.0025, "mark_price": 0.00171363, "iv": 105.21, "instrument_name": "BTC-30DEC22-150000-C", "index_price": 24109.98, "direction": "buy", "amount": 1.0}, {"trade_seq": 816, "trade_id": "222791528", "timestamp": 1657717882953, "tick_direction": 0, "price": 0.002, "mark_price": 0.00194451, "iv": 110.71, "instrument_name": "BTC-30DEC22-150000-C", "index_price": 19188.28, "direction": "sell", "amount": 0.2}, {"trade_seq": 815, "trade_id": "222737428", "timestamp": 1657694204788, "tick_direction": 2, "price": 0.0015, "mark_price": 0.00144061, "iv": 106.81, "instrument_name": "BTC-30DEC22-150000-C", "index_price": 19487.78, "direction": "buy", "amount": 4.7}, {"trade_seq": 814, "trade_id": "222482452", "timestamp": 1657403694044, "tick_direction": 0, "price": 0.0025, "mark_price": 0.0016252, "iv": 106.63, "instrument_name": "BTC-30DEC22-150000-C", "index_price": 21710.7, "direction": "buy", "amount": 0.1}, {"trade_seq": 813, "trade_id": "222308189", "timestamp": 1657243689845, "tick_direction": 0, "price": 0.002, "mark_price": 0.00180945, "iv": 102.38, "instrument_name": "BTC-30DEC22-150000-C", "index_price": 22279.94, "direction": "buy", "amount": 1.0}, {"trade_seq": 812, "trade_id": "221758346", "timestamp": 1656841614884, "tick_direction": 3, "price": 0.0015, "mark_price": 0.00142155, "iv": 105.01, "instrument_name": "BTC-30DEC22-150000-C", "index_price": 18961.54, "direction": "buy", "amount": 1.0}, {"trade_seq": 811, "trade_id": "221612872", "timestamp": 1656663998808, "tick_direction": 3, "price": 0.0015, "mark_price": 0.00186114, "iv": 102.92, "instrument_name": "BTC-30DEC22-150000-C", "index_price": 19653.06, "direction": "sell", "amount": 1.0}, {"trade_seq": 810, "trade_id": "221612871", "timestamp": 1656663998808, "tick_direction": 3, "price": 0.0015, "mark_price": 0.00186114, "iv": 102.92, "instrument_name": "BTC-30DEC22-150000-C", "index_price": 19653.06, "direction": "sell", "amount": 1.0}, {"trade_seq": 809, "trade_id": "221612870", "timestamp": 1656663998808, "tick_direction": 3, "price": 0.0015, "mark_price": 0.00186114, "iv": 102.92, "instrument_name": "BTC-30DEC22-150000-C", "index_price": 19653.06, "direction": "sell", "amount": 1.0}, {"trade_seq": 808, "trade_id": "221612869", "timestamp": 1656663998808, "tick_direction": 3, "price": 0.0015, "mark_price": 0.00186114, "iv": 102.92, "instrument_name": "BTC-30DEC22-150000-C", "index_price": 19653.06, "direction": "sell", "amount": 2.7}, {"trade_seq": 807, "trade_id": "221612857", "timestamp": 1656663991283, "tick_direction": 3, "price": 0.0015, "mark_price": 0.00188606, "iv": 102.9, "instrument_name": "BTC-30DEC22-150000-C", "index_price": 19658.05, "direction": "sell", "amount": 8.0}, {"trade_seq": 806, "trade_id": "221301111", "timestamp": 1656505638372, "tick_direction": 3, "price": 0.0015, "mark_price": 0.00210695, "iv": 101.71, "instrument_name": "BTC-30DEC22-150000-C", "index_price": 20027.22, "direction": "sell", "amount": 19.9}, {"trade_seq": 805, "trade_id": "221200718", "timestamp": 1656440082497, "tick_direction": 3, "price": 0.0015, "mark_price": 0.00194655, "iv": 100.8, "instrument_name": "BTC-30DEC22-150000-C", "index_price": 20343.55, "direction": "sell", "amount": 20.3}, {"trade_seq": 804, "trade_id": "221157404", "timestamp": 1656403832160, "tick_direction": 2, "price": 0.0015, "mark_price": 0.0026898, "iv": 99.65, "instrument_name": "BTC-30DEC22-150000-C", "index_price": 20866.91, "direction": "sell", "amount": 23.5}, {"trade_seq": 803, "trade_id": "221157400", "timestamp": 1656403832152, "tick_direction": 2, "price": 0.002, "mark_price": 0.0026898, "iv": 102.58, "instrument_name": "BTC-30DEC22-150000-C", "index_price": 20866.91, "direction": "buy", "amount": 14.5}, {"trade_seq": 802, "trade_id": "221069508", "timestamp": 1656315820323, "tick_direction": 1, "price": 0.0035, "mark_price": 0.00249762, "iv": 107.65, "instrument_name": "BTC-30DEC22-150000-C", "index_price": 21341.14, "direction": "buy", "amount": 15.0}, {"trade_seq": 801, "trade_id": "221069507", "timestamp": 1656315820254, "tick_direction": 1, "price": 0.0035, "mark_price": 0.00249762, "iv": 107.65, "instrument_name": "BTC-30DEC22-150000-C", "index_price": 21341.14, "direction": "buy", "amount": 15.0}, {"trade_seq": 800, "trade_id": "221069469", "timestamp": 1656315783472, "tick_direction": 1, "price": 0.0035, "mark_price": 0.00267691, "iv": 107.61, "instrument_name": "BTC-30DEC22-150000-C", "index_price": 21352.88, "direction": "buy", "amount": 10.8}, {"trade_seq": 799, "trade_id": "221069468", "timestamp": 1656315783237, "tick_direction": 0, "price": 0.0035, "mark_price": 0.00267691, "iv": 107.61, "instrument_name": "BTC-30DEC22-150000-C", "index_price": 21352.88, "direction": "buy", "amount": 15.0}, {"trade_seq": 798, "trade_id": "220954228", "timestamp": 1656141127058, "tick_direction": 3, "price": 0.0025, "mark_price": 0.00256382, "iv": 102.89, "instrument_name": "BTC-30DEC22-150000-C", "index_price": 21495.02, "direction": "sell", "amount": 1.0}, {"trade_seq": 797, "trade_id": "220954069", "timestamp": 1656141057690, "tick_direction": 3, "price": 0.0025, "mark_price": 0.00253381, "iv": 102.98, "instrument_name": "BTC-30DEC22-150000-C", "index_price": 21452.2, "direction": "sell", "amount": 1.0}, {"trade_seq": 796, "trade_id": "220866461", "timestamp": 1656064482500, "tick_direction": 2, "price": 0.0025, "mark_price": 0.00303684, "iv": 104.1, "instrument_name": "BTC-30DEC22-150000-C", "index_price": 20757.76, "direction": "buy", "amount": 14.0}, {"trade_seq": 795, "trade_id": "220866422", "timestamp": 1656064457431, "tick_direction": 1, "price": 0.0035, "mark_price": 0.00344332, "iv": 108.01, "instrument_name": "BTC-30DEC22-150000-C", "index_price": 20766.53, "direction": "buy", "amount": 9.9}, {"trade_seq": 794, "trade_id": "220861932", "timestamp": 1656061598331, "tick_direction": 0, "price": 0.0035, "mark_price": 0.00342863, "iv": 107.5, "instrument_name": "BTC-30DEC22-150000-C", "index_price": 21025.63, "direction": "buy", "amount": 15.0}, {"trade_seq": 793, "trade_id": "220719023", "timestamp": 1655989070563, "tick_direction": 1, "price": 0.002, "mark_price": 0.00423387, "iv": 102.07, "instrument_name": "BTC-30DEC22-150000-C", "index_price": 20528.09, "direction": "sell", "amount": 10.7}, {"trade_seq": 792, "trade_id": "220568153", "timestamp": 1655902153954, "tick_direction": 1, "price": 0.002, "mark_price": 0.00194624, "iv": 102.57, "instrument_name": "BTC-30DEC22-150000-C", "index_price": 20167.52, "direction": "sell", "amount": 0.1}, {"trade_seq": 791, "trade_id": "220238936", "timestamp": 1655717000729, "tick_direction": 1, "price": 0.002, "mark_price": 0.00298718, "iv": 100.96, "instrument_name": "BTC-30DEC22-150000-C", "index_price": 20627.26, "direction": "sell", "amount": 10.5}, {"trade_seq": 790, "trade_id": "220219932", "timestamp": 1655710984221, "tick_direction": 1, "price": 0.002, "mark_price": 0.00287503, "iv": 102.43, "instrument_name": "BTC-30DEC22-150000-C", "index_price": 19875.27, "direction": "sell", "amount": 4.7}, {"trade_seq": 789, "trade_id": "220213822", "timestamp": 1655706344707, "tick_direction": 0, "price": 0.002, "mark_price": 0.00271126, "iv": 102.26, "instrument_name": "BTC-30DEC22-150000-C", "index_price": 19958.8, "direction": "sell", "amount": 7.6}, {"trade_seq": 788, "trade_id": "219765090", "timestamp": 1655574048027, "tick_direction": 2, "price": 0.0015, "mark_price": 0.00270417, "iv": 101.37, "instrument_name": "BTC-30DEC22-150000-C", "index_price": 18784.05, "direction": "sell", "amount": 25.6}, {"trade_seq": 787, "trade_id": "218860271", "timestamp": 1655274686881, "tick_direction": 0, "price": 0.005, "mark_price": 0.00292116, "iv": 109.46, "instrument_name": "BTC-30DEC22-150000-C", "index_price": 20991.17, "direction": "buy", "amount": 0.1}, {"trade_seq": 786, "trade_id": "218816967", "timestamp": 1655264882546, "tick_direction": 1, "price": 0.004, "mark_price": 0.0030784, "iv": 105.27, "instrument_name": "BTC-30DEC22-150000-C", "index_price": 21595.91, "direction": "sell", "amount": 12.0}, {"trade_seq": 785, "trade_id": "218816839", "timestamp": 1655264782648, "tick_direction": 0, "price": 0.004, "mark_price": 0.00307905, "iv": 105.33, "instrument_name": "BTC-30DEC22-150000-C", "index_price": 21576.69, "direction": "sell", "amount": 12.0}, {"trade_seq": 784, "trade_id": "218344835", "timestamp": 1655165710064, "tick_direction": 1, "price": 0.003, "mark_price": 0.002615, "iv": 99.43, "instrument_name": "BTC-30DEC22-150000-C", "index_price": 22654.9, "direction": "sell", "amount": 2.0}, {"trade_seq": 783, "trade_id": "218220150", "timestamp": 1655136510983, "tick_direction": 0, "price": 0.003, "mark_price": 0.00262008, "iv": 97.97, "instrument_name": "BTC-30DEC22-150000-C", "index_price": 23375.19, "direction": "buy", "amount": 1.0}, {"trade_seq": 782, "trade_id": "217705262", "timestamp": 1655008425181, "tick_direction": 0, "price": 0.0025, "mark_price": 0.00226698, "iv": 88.69, "instrument_name": "BTC-30DEC22-150000-C", "index_price": 27538.99, "direction": "buy", "amount": 1.0}, {"trade_seq": 781, "trade_id": "217648651", "timestamp": 1654967425862, "tick_direction": 3, "price": 0.002, "mark_price": 0.00203714, "iv": 84.97, "instrument_name": "BTC-30DEC22-150000-C", "index_price": 28474.65, "direction": "sell", "amount": 2.3}, {"trade_seq": 780, "trade_id": "217552178", "timestamp": 1654932764092, "tick_direction": 2, "price": 0.002, "mark_price": 0.00247408, "iv": 83.7, "instrument_name": "BTC-30DEC22-150000-C", "index_price": 29304.41, "direction": "sell", "amount": 38.7}, {"trade_seq": 779, "trade_id": "216798471", "timestamp": 1654433094484, "tick_direction": 1, "price": 0.0025, "mark_price": 0.00278153, "iv": 84.11, "instrument_name": "BTC-30DEC22-150000-C", "index_price": 29689.67, "direction": "buy", "amount": 0.8}, {"trade_seq": 778, "trade_id": "216798470", "timestamp": 1654433094455, "tick_direction": 1, "price": 0.0025, "mark_price": 0.00278153, "iv": 84.11, "instrument_name": "BTC-30DEC22-150000-C", "index_price": 29689.67, "direction": "sell", "amount": 2.3}, {"trade_seq": 777, "trade_id": "216798469", "timestamp": 1654433094455, "tick_direction": 0, "price": 0.0025, "mark_price": 0.00278153, "iv": 84.11, "instrument_name": "BTC-30DEC22-150000-C", "index_price": 29689.67, "direction": "sell", "amount": 1.4}, {"trade_seq": 776, "trade_id": "216784278", "timestamp": 1654400411175, "tick_direction": 3, "price": 0.002, "mark_price": 0.00259859, "iv": 81.84, "instrument_name": "BTC-30DEC22-150000-C", "index_price": 29765.03, "direction": "sell", "amount": 0.1}, {"trade_seq": 775, "trade_id": "216784277", "timestamp": 1654400411159, "tick_direction": 3, "price": 0.002, "mark_price": 0.00259859, "iv": 81.84, "instrument_name": "BTC-30DEC22-150000-C", "index_price": 29765.02, "direction": "sell", "amount": 0.1}, {"trade_seq": 774, "trade_id": "216784276", "timestamp": 1654400411152, "tick_direction": 3, "price": 0.002, "mark_price": 0.00259859, "iv": 81.84, "instrument_name": "BTC-30DEC22-150000-C", "index_price": 29765.02, "direction": "sell", "amount": 0.1}, {"trade_seq": 773, "trade_id": "216784275", "timestamp": 1654400411145, "tick_direction": 3, "price": 0.002, "mark_price": 0.00259859, "iv": 81.84, "instrument_name": "BTC-30DEC22-150000-C", "index_price": 29765.02, "direction": "sell", "amount": 0.2}, {"trade_seq": 772, "trade_id": "216784274", "timestamp": 1654400411133, "tick_direction": 3, "price": 0.002, "mark_price": 0.00259859, "iv": 81.84, "instrument_name": "BTC-30DEC22-150000-C", "index_price": 29765.02, "direction": "sell", "amount": 0.2}, {"trade_seq": 771, "trade_id": "216784273", "timestamp": 1654400411121, "tick_direction": 3, "price": 0.002, "mark_price": 0.00259859, "iv": 81.84, "instrument_name": "BTC-30DEC22-150000-C", "index_price": 29765.02, "direction": "sell", "amount": 0.3}, {"trade_seq": 770, "trade_id": "216784272", "timestamp": 1654400411115, "tick_direction": 3, "price": 0.002, "mark_price": 0.00259859, "iv": 81.84, "instrument_name": "BTC-30DEC22-150000-C", "index_price": 29765.02, "direction": "sell", "amount": 0.4}, {"trade_seq": 769, "trade_id": "216784271", "timestamp": 1654400411104, "tick_direction": 3, "price": 0.002, "mark_price": 0.00259859, "iv": 81.84, "instrument_name": "BTC-30DEC22-150000-C", "index_price": 29765.02, "direction": "sell", "amount": 0.5}, {"trade_seq": 768, "trade_id": "216784270", "timestamp": 1654400411096, "tick_direction": 3, "price": 0.002, "mark_price": 0.00259859, "iv": 81.84, "instrument_name": "BTC-30DEC22-150000-C", "index_price": 29765.02, "direction": "sell", "amount": 0.8}, {"trade_seq": 767, "trade_id": "216784269", "timestamp": 1654400411084, "tick_direction": 3, "price": 0.002, "mark_price": 0.00259859, "iv": 81.84, "instrument_name": "BTC-30DEC22-150000-C", "index_price": 29765.02, "direction": "sell", "amount": 1.1}, {"trade_seq": 766, "trade_id": "216784268", "timestamp": 1654400411071, "tick_direction": 3, "price": 0.002, "mark_price": 0.00259859, "iv": 81.84, "instrument_name": "BTC-30DEC22-150000-C", "index_price": 29765.02, "direction": "sell", "amount": 1.4}, {"trade_seq": 765, "trade_id": "216784267", "timestamp": 1654400411057, "tick_direction": 3, "price": 0.002, "mark_price": 0.00259859, "iv": 81.84, "instrument_name": "BTC-30DEC22-150000-C", "index_price": 29765.02, "direction": "sell", "amount": 1.9}, {"trade_seq": 764, "trade_id": "216784266", "timestamp": 1654400411048, "tick_direction": 3, "price": 0.002, "mark_price": 0.00259859, "iv": 81.84, "instrument_name": "BTC-30DEC22-150000-C", "index_price": 29765.02, "direction": "sell", "amount": 2.6}, {"trade_seq": 763, "trade_id": "216784265", "timestamp": 1654400411034, "tick_direction": 3, "price": 0.002, "mark_price": 0.00259859, "iv": 81.84, "instrument_name": "BTC-30DEC22-150000-C", "index_price": 29765.02, "direction": "sell", "amount": 3.6}, {"trade_seq": 762, "trade_id": "216784264", "timestamp": 1654400411011, "tick_direction": 3, "price": 0.002, "mark_price": 0.00259859, "iv": 81.84, "instrument_name": "BTC-30DEC22-150000-C", "index_price": 29765.02, "direction": "sell", "amount": 4.9}, {"trade_seq": 761, "trade_id": "216784263", "timestamp": 1654400410999, "tick_direction": 3, "price": 0.002, "mark_price": 0.00259859, "iv": 81.84, "instrument_name": "BTC-30DEC22-150000-C", "index_price": 29765.02, "direction": "sell", "amount": 0.8}, {"trade_seq": 760, "trade_id": "216784262", "timestamp": 1654400410999, "tick_direction": 3, "price": 0.002, "mark_price": 0.00259859, "iv": 81.84, "instrument_name": "BTC-30DEC22-150000-C", "index_price": 29765.02, "direction": "sell", "amount": 5.9}, {"trade_seq": 759, "trade_id": "216784261", "timestamp": 1654400410990, "tick_direction": 2, "price": 0.002, "mark_price": 0.00259859, "iv": 81.84, "instrument_name": "BTC-30DEC22-150000-C", "index_price": 29765.02, "direction": "sell", "amount": 9.1}, {"trade_seq": 758, "trade_id": "216453206", "timestamp": 1654093826898, "tick_direction": 3, "price": 0.0025, "mark_price": 0.00248857, "iv": 80.87, "instrument_name": "BTC-30DEC22-150000-C", "index_price": 31367.78, "direction": "sell", "amount": 1.0}, {"trade_seq": 757, "trade_id": "216432370", "timestamp": 1654076733915, "tick_direction": 3, "price": 0.0025, "mark_price": 0.00224831, "iv": 80.44, "instrument_name": "BTC-30DEC22-150000-C", "index_price": 31660.67, "direction": "buy", "amount": 5.0}, {"trade_seq": 756, "trade_id": "216424456", "timestamp": 1654067050804, "tick_direction": 2, "price": 0.0025, "mark_price": 0.0027066, "iv": 80.47, "instrument_name": "BTC-30DEC22-150000-C", "index_price": 31582.25, "direction": "buy", "amount": 1.0}, {"trade_seq": 755, "trade_id": "216396147", "timestamp": 1654024230061, "tick_direction": 1, "price": 0.003, "mark_price": 0.00278035, "iv": 82.02, "instrument_name": "BTC-30DEC22-150000-C", "index_price": 31694.87, "direction": "sell", "amount": 0.5}, {"trade_seq": 754, "trade_id": "216396146", "timestamp": 1654024229734, "tick_direction": 0, "price": 0.003, "mark_price": 0.00278035, "iv": 82.02, "instrument_name": "BTC-30DEC22-150000-C", "index_price": 31694.86, "direction": "buy", "amount": 1.5}, {"trade_seq": 753, "trade_id": "216335762", "timestamp": 1653999177003, "tick_direction": 3, "price": 0.0025, "mark_price": 0.00295684, "iv": 80.14, "instrument_name": "BTC-30DEC22-150000-C", "index_price": 31739.2, "direction": "sell", "amount": 11.8}, {"trade_seq": 752, "trade_id": "216335700", "timestamp": 1653999087489, "tick_direction": 3, "price": 0.0025, "mark_price": 0.00295998, "iv": 80.14, "instrument_name": "BTC-30DEC22-150000-C", "index_price": 31733.43, "direction": "sell", "amount": 2.8}, {"trade_seq": 751, "trade_id": "216335699", "timestamp": 1653999087489, "tick_direction": 3, "price": 0.0025, "mark_price": 0.00295998, "iv": 80.14, "instrument_name": "BTC-30DEC22-150000-C", "index_price": 31733.43, "direction": "sell", "amount": 2.0}, {"trade_seq": 750, "trade_id": "216335698", "timestamp": 1653999087489, "tick_direction": 2, "price": 0.0025, "mark_price": 0.00295998, "iv": 80.14, "instrument_name": "BTC-30DEC22-150000-C", "index_price": 31733.43, "direction": "sell", "amount": 49.5}, {"trade_seq": 749, "trade_id": "216316053", "timestamp": 1653987228573, "tick_direction": 1, "price": 0.003, "mark_price": 0.00303799, "iv": 81.95, "instrument_name": "BTC-30DEC22-150000-C", "index_price": 31630.56, "direction": "sell", "amount": 2.0}, {"trade_seq": 748, "trade_id": "216315450", "timestamp": 1653986996938, "tick_direction": 1, "price": 0.003, "mark_price": 0.00304766, "iv": 81.96, "instrument_name": "BTC-30DEC22-150000-C", "index_price": 31623.16, "direction": "sell", "amount": 3.2}, {"trade_seq": 747, "trade_id": "216302857", "timestamp": 1653980881313, "tick_direction": 1, "price": 0.003, "mark_price": 0.00297205, "iv": 82.15, "instrument_name": "BTC-30DEC22-150000-C", "index_price": 31513.15, "direction": "buy", "amount": 1.0}, {"trade_seq": 746, "trade_id": "216032449", "timestamp": 1653823621058, "tick_direction": 1, "price": 0.003, "mark_price": 0.00336636, "iv": 85.16, "instrument_name": "BTC-30DEC22-150000-C", "index_price": 29180.69, "direction": "buy", "amount": 0.1}, {"trade_seq": 745, "trade_id": "215868573", "timestamp": 1653640260351, "tick_direction": 1, "price": 0.003, "mark_price": 0.00326779, "iv": 84.87, "instrument_name": "BTC-30DEC22-150000-C", "index_price": 29010.43, "direction": "sell", "amount": 3.0}, {"trade_seq": 744, "trade_id": "215867179", "timestamp": 1653639521292, "tick_direction": 1, "price": 0.003, "mark_price": 0.00353435, "iv": 84.74, "instrument_name": "BTC-30DEC22-150000-C", "index_price": 29092.75, "direction": "buy", "amount": 0.3}, {"trade_seq": 743, "trade_id": "215867178", "timestamp": 1653639520956, "tick_direction": 1, "price": 0.003, "mark_price": 0.00353435, "iv": 84.74, "instrument_name": "BTC-30DEC22-150000-C", "index_price": 29092.75, "direction": "sell", "amount": 1.7}, {"trade_seq": 742, "trade_id": "215675959", "timestamp": 1653552775989, "tick_direction": 1, "price": 0.003, "mark_price": 0.00310338, "iv": 83.92, "instrument_name": "BTC-30DEC22-150000-C", "index_price": 29600.25, "direction": "buy", "amount": 0.5}, {"trade_seq": 741, "trade_id": "215675958", "timestamp": 1653552775989, "tick_direction": 0, "price": 0.003, "mark_price": 0.00310338, "iv": 83.92, "instrument_name": "BTC-30DEC22-150000-C", "index_price": 29600.25, "direction": "buy", "amount": 1.0}, {"trade_seq": 740, "trade_id": "215632360", "timestamp": 1653502604744, "tick_direction": 2, "price": 0.0025, "mark_price": 0.00317965, "iv": 81.74, "instrument_name": "BTC-30DEC22-150000-C", "index_price": 29853.65, "direction": "sell", "amount": 0.5}, {"trade_seq": 739, "trade_id": "215466936", "timestamp": 1653361849031, "tick_direction": 3, "price": 0.003, "mark_price": 0.00304108, "iv": 83.93, "instrument_name": "BTC-30DEC22-150000-C", "index_price": 29270.05, "direction": "sell", "amount": 0.1}, {"trade_seq": 738, "trade_id": "215466056", "timestamp": 1653361212850, "tick_direction": 3, "price": 0.003, "mark_price": 0.00320471, "iv": 83.97, "instrument_name": "BTC-30DEC22-150000-C", "index_price": 29242.88, "direction": "sell", "amount": 9.1}, {"trade_seq": 737, "trade_id": "215460050", "timestamp": 1653354288856, "tick_direction": 3, "price": 0.003, "mark_price": 0.00324263, "iv": 84.09, "instrument_name": "BTC-30DEC22-150000-C", "index_price": 29150.29, "direction": "sell", "amount": 13.0}, {"trade_seq": 736, "trade_id": "215445626", "timestamp": 1653341284585, "tick_direction": 2, "price": 0.003, "mark_price": 0.00325095, "iv": 83.76, "instrument_name": "BTC-30DEC22-150000-C", "index_price": 29375.33, "direction": "sell", "amount": 15.3}, {"trade_seq": 735, "trade_id": "215291464", "timestamp": 1653213387590, "tick_direction": 1, "price": 0.0045, "mark_price": 0.00439378, "iv": 86.64, "instrument_name": "BTC-30DEC22-150000-C", "index_price": 30087.1, "direction": "buy", "amount": 0.2}, {"trade_seq": 734, "trade_id": "215291461", "timestamp": 1653213387443, "tick_direction": 1, "price": 0.0045, "mark_price": 0.00439378, "iv": 86.65, "instrument_name": "BTC-30DEC22-150000-C", "index_price": 30083.63, "direction": "buy", "amount": 0.4}, {"trade_seq": 733, "trade_id": "215291459", "timestamp": 1653213387399, "tick_direction": 0, "price": 0.0045, "mark_price": 0.00439378, "iv": 86.65, "instrument_name": "BTC-30DEC22-150000-C", "index_price": 30083.63, "direction": "buy", "amount": 0.5}, {"trade_seq": 732, "trade_id": "215261664", "timestamp": 1653154893768, "tick_direction": 1, "price": 0.004, "mark_price": 0.00347519, "iv": 86.19, "instrument_name": "BTC-30DEC22-150000-C", "index_price": 29386.62, "direction": "buy", "amount": 0.1}, {"trade_seq": 731, "trade_id": "215261663", "timestamp": 1653154889813, "tick_direction": 1, "price": 0.004, "mark_price": 0.00347025, "iv": 86.19, "instrument_name": "BTC-30DEC22-150000-C", "index_price": 29386.31, "direction": "buy", "amount": 0.1}, {"trade_seq": 730, "trade_id": "215261662", "timestamp": 1653154882893, "tick_direction": 1, "price": 0.004, "mark_price": 0.00346963, "iv": 86.19, "instrument_name": "BTC-30DEC22-150000-C", "index_price": 29385.59, "direction": "buy", "amount": 0.1}, {"trade_seq": 729, "trade_id": "215261661", "timestamp": 1653154877597, "tick_direction": 1, "price": 0.004, "mark_price": 0.00346933, "iv": 86.19, "instrument_name": "BTC-30DEC22-150000-C", "index_price": 29385.49, "direction": "buy", "amount": 0.1}, {"trade_seq": 728, "trade_id": "215261660", "timestamp": 1653154870667, "tick_direction": 1, "price": 0.004, "mark_price": 0.00346994, "iv": 86.19, "instrument_name": "BTC-30DEC22-150000-C", "index_price": 29386.97, "direction": "buy", "amount": 0.1}, {"trade_seq": 727, "trade_id": "215261658", "timestamp": 1653154863466, "tick_direction": 1, "price": 0.004, "mark_price": 0.00346901, "iv": 86.19, "instrument_name": "BTC-30DEC22-150000-C", "index_price": 29384.81, "direction": "buy", "amount": 0.1}, {"trade_seq": 726, "trade_id": "215261657", "timestamp": 1653154859278, "tick_direction": 1, "price": 0.004, "mark_price": 0.00346888, "iv": 86.19, "instrument_name": "BTC-30DEC22-150000-C", "index_price": 29384.78, "direction": "buy", "amount": 0.1}, {"trade_seq": 725, "trade_id": "215261656", "timestamp": 1653154855387, "tick_direction": 1, "price": 0.004, "mark_price": 0.00346803, "iv": 86.19, "instrument_name": "BTC-30DEC22-150000-C", "index_price": 29383.44, "direction": "buy", "amount": 0.1}, {"trade_seq": 724, "trade_id": "215261655", "timestamp": 1653154848510, "tick_direction": 1, "price": 0.004, "mark_price": 0.00346922, "iv": 86.19, "instrument_name": "BTC-30DEC22-150000-C", "index_price": 29384.43, "direction": "buy", "amount": 0.1}, {"trade_seq": 723, "trade_id": "215261654", "timestamp": 1653154847984, "tick_direction": 1, "price": 0.004, "mark_price": 0.0034692, "iv": 86.19, "instrument_name": "BTC-30DEC22-150000-C", "index_price": 29386.83, "direction": "buy", "amount": 0.1}, {"trade_seq": 722, "trade_id": "215261648", "timestamp": 1653154836548, "tick_direction": 1, "price": 0.004, "mark_price": 0.00346901, "iv": 86.19, "instrument_name": "BTC-30DEC22-150000-C", "index_price": 29385.84, "direction": "buy", "amount": 0.1}, {"trade_seq": 721, "trade_id": "215261647", "timestamp": 1653154829117, "tick_direction": 1, "price": 0.004, "mark_price": 0.00346901, "iv": 86.19, "instrument_name": "BTC-30DEC22-150000-C", "index_price": 29385.88, "direction": "buy", "amount": 0.1}, {"trade_seq": 720, "trade_id": "215261646", "timestamp": 1653154823568, "tick_direction": 1, "price": 0.004, "mark_price": 0.00346874, "iv": 86.19, "instrument_name": "BTC-30DEC22-150000-C", "index_price": 29385.28, "direction": "buy", "amount": 0.1}, {"trade_seq": 719, "trade_id": "215261645", "timestamp": 1653154817000, "tick_direction": 1, "price": 0.004, "mark_price": 0.0034674, "iv": 86.19, "instrument_name": "BTC-30DEC22-150000-C", "index_price": 29382.79, "direction": "buy", "amount": 0.1}, {"trade_seq": 718, "trade_id": "215261644", "timestamp": 1653154815651, "tick_direction": 1, "price": 0.004, "mark_price": 0.00346742, "iv": 86.19, "instrument_name": "BTC-30DEC22-150000-C", "index_price": 29382.73, "direction": "buy", "amount": 0.1}, {"trade_seq": 717, "trade_id": "215261643", "timestamp": 1653154807352, "tick_direction": 1, "price": 0.004, "mark_price": 0.00346693, "iv": 86.19, "instrument_name": "BTC-30DEC22-150000-C", "index_price": 29382.0, "direction": "buy", "amount": 0.1}, {"trade_seq": 716, "trade_id": "215261642", "timestamp": 1653154800867, "tick_direction": 1, "price": 0.004, "mark_price": 0.00346614, "iv": 86.19, "instrument_name": "BTC-30DEC22-150000-C", "index_price": 29380.61, "direction": "buy", "amount": 0.1}, {"trade_seq": 715, "trade_id": "215260212", "timestamp": 1653153235019, "tick_direction": 1, "price": 0.004, "mark_price": 0.00348201, "iv": 85.97, "instrument_name": "BTC-30DEC22-150000-C", "index_price": 29543.79, "direction": "buy", "amount": 0.1}, {"trade_seq": 714, "trade_id": "215260207", "timestamp": 1653153201086, "tick_direction": 1, "price": 0.004, "mark_price": 0.00347946, "iv": 85.98, "instrument_name": "BTC-30DEC22-150000-C", "index_price": 29533.44, "direction": "buy", "amount": 0.1}, {"trade_seq": 713, "trade_id": "215260202", "timestamp": 1653153164431, "tick_direction": 1, "price": 0.004, "mark_price": 0.00348079, "iv": 85.97, "instrument_name": "BTC-30DEC22-150000-C", "index_price": 29536.11, "direction": "buy", "amount": 0.1}, {"trade_seq": 712, "trade_id": "215260195", "timestamp": 1653153141728, "tick_direction": 1, "price": 0.004, "mark_price": 0.00348049, "iv": 85.97, "instrument_name": "BTC-30DEC22-150000-C", "index_price": 29535.6, "direction": "buy", "amount": 0.1}, {"trade_seq": 711, "trade_id": "215260187", "timestamp": 1653153134885, "tick_direction": 1, "price": 0.004, "mark_price": 0.00347796, "iv": 85.98, "instrument_name": "BTC-30DEC22-150000-C", "index_price": 29531.95, "direction": "buy", "amount": 0.1}, {"trade_seq": 710, "trade_id": "215260183", "timestamp": 1653153089815, "tick_direction": 1, "price": 0.004, "mark_price": 0.00348167, "iv": 85.97, "instrument_name": "BTC-30DEC22-150000-C", "index_price": 29541.01, "direction": "buy", "amount": 0.1}, {"trade_seq": 709, "trade_id": "215260182", "timestamp": 1653153071650, "tick_direction": 1, "price": 0.004, "mark_price": 0.0034821, "iv": 85.97, "instrument_name": "BTC-30DEC22-150000-C", "index_price": 29539.59, "direction": "buy", "amount": 0.1}, {"trade_seq": 708, "trade_id": "215260112", "timestamp": 1653152713357, "tick_direction": 1, "price": 0.004, "mark_price": 0.00347511, "iv": 86.0, "instrument_name": "BTC-30DEC22-150000-C", "index_price": 29509.83, "direction": "buy", "amount": 0.1}, {"trade_seq": 707, "trade_id": "215260111", "timestamp": 1653152705970, "tick_direction": 1, "price": 0.004, "mark_price": 0.00347559, "iv": 86.0, "instrument_name": "BTC-30DEC22-150000-C", "index_price": 29509.52, "direction": "buy", "amount": 0.1}, {"trade_seq": 706, "trade_id": "215260110", "timestamp": 1653152705882, "tick_direction": 0, "price": 0.004, "mark_price": 0.00347559, "iv": 86.0, "instrument_name": "BTC-30DEC22-150000-C", "index_price": 29509.52, "direction": "buy", "amount": 0.1}, {"trade_seq": 705, "trade_id": "215221159", "timestamp": 1653099343482, "tick_direction": 0, "price": 0.0035, "mark_price": 0.00373493, "iv": 85.08, "instrument_name": "BTC-30DEC22-150000-C", "index_price": 29074.18, "direction": "sell", "amount": 1.7}, {"trade_seq": 704, "trade_id": "215213017", "timestamp": 1653087151083, "tick_direction": 3, "price": 0.003, "mark_price": 0.00384619, "iv": 83.35, "instrument_name": "BTC-30DEC22-150000-C", "index_price": 29191.45, "direction": "sell", "amount": 0.1}, {"trade_seq": 703, "trade_id": "215213016", "timestamp": 1653087140972, "tick_direction": 3, "price": 0.003, "mark_price": 0.00384621, "iv": 83.35, "instrument_name": "BTC-30DEC22-150000-C", "index_price": 29193.4, "direction": "sell", "amount": 0.1}, {"trade_seq": 702, "trade_id": "215213015", "timestamp": 1653087132551, "tick_direction": 3, "price": 0.003, "mark_price": 0.00384578, "iv": 83.34, "instrument_name": "BTC-30DEC22-150000-C", "index_price": 29194.7, "direction": "sell", "amount": 0.1}, {"trade_seq": 701, "trade_id": "215213014", "timestamp": 1653087121652, "tick_direction": 3, "price": 0.003, "mark_price": 0.0038446, "iv": 83.35, "instrument_name": "BTC-30DEC22-150000-C", "index_price": 29194.66, "direction": "sell", "amount": 0.1}, {"trade_seq": 700, "trade_id": "215213000", "timestamp": 1653087107017, "tick_direction": 3, "price": 0.003, "mark_price": 0.00383894, "iv": 83.36, "instrument_name": "BTC-30DEC22-150000-C", "index_price": 29189.98, "direction": "sell", "amount": 0.1}, {"trade_seq": 699, "trade_id": "215212988", "timestamp": 1653087087928, "tick_direction": 3, "price": 0.003, "mark_price": 0.00383729, "iv": 83.36, "instrument_name": "BTC-30DEC22-150000-C", "index_price": 29193.77, "direction": "sell", "amount": 0.1}, {"trade_seq": 698, "trade_id": "215212981", "timestamp": 1653087065524, "tick_direction": 3, "price": 0.003, "mark_price": 0.00384119, "iv": 83.35, "instrument_name": "BTC-30DEC22-150000-C", "index_price": 29205.19, "direction": "sell", "amount": 0.1}, {"trade_seq": 697, "trade_id": "215212966", "timestamp": 1653087054597, "tick_direction": 3, "price": 0.003, "mark_price": 0.00384446, "iv": 83.33, "instrument_name": "BTC-30DEC22-150000-C", "index_price": 29215.35, "direction": "sell", "amount": 0.1}, {"trade_seq": 696, "trade_id": "215212931", "timestamp": 1653086848325, "tick_direction": 3, "price": 0.003, "mark_price": 0.00383874, "iv": 83.31, "instrument_name": "BTC-30DEC22-150000-C", "index_price": 29233.04, "direction": "sell", "amount": 0.1}, {"trade_seq": 695, "trade_id": "215212756", "timestamp": 1653086461672, "tick_direction": 3, "price": 0.003, "mark_price": 0.00380638, "iv": 83.3, "instrument_name": "BTC-30DEC22-150000-C", "index_price": 29254.06, "direction": "sell", "amount": 0.1}, {"trade_seq": 694, "trade_id": "215212752", "timestamp": 1653086456239, "tick_direction": 3, "price": 0.003, "mark_price": 0.00380552, "iv": 83.3, "instrument_name": "BTC-30DEC22-150000-C", "index_price": 29253.63, "direction": "sell", "amount": 0.1}, {"trade_seq": 693, "trade_id": "215212749", "timestamp": 1653086446144, "tick_direction": 3, "price": 0.003, "mark_price": 0.00380188, "iv": 83.31, "instrument_name": "BTC-30DEC22-150000-C", "index_price": 29250.71, "direction": "sell", "amount": 0.1}, {"trade_seq": 692, "trade_id": "215212738", "timestamp": 1653086422481, "tick_direction": 3, "price": 0.003, "mark_price": 0.00379277, "iv": 83.32, "instrument_name": "BTC-30DEC22-150000-C", "index_price": 29245.25, "direction": "sell", "amount": 0.1}, {"trade_seq": 691, "trade_id": "215212732", "timestamp": 1653086421353, "tick_direction": 3, "price": 0.003, "mark_price": 0.00379286, "iv": 83.32, "instrument_name": "BTC-30DEC22-150000-C", "index_price": 29245.84, "direction": "sell", "amount": 0.1}, {"trade_seq": 690, "trade_id": "215212730", "timestamp": 1653086407217, "tick_direction": 3, "price": 0.003, "mark_price": 0.00379045, "iv": 83.32, "instrument_name": "BTC-30DEC22-150000-C", "index_price": 29248.53, "direction": "sell", "amount": 0.1}, {"trade_seq": 689, "trade_id": "215212728", "timestamp": 1653086381911, "tick_direction": 3, "price": 0.003, "mark_price": 0.00378393, "iv": 83.33, "instrument_name": "BTC-30DEC22-150000-C", "index_price": 29251.86, "direction": "sell", "amount": 0.1}, {"trade_seq": 688, "trade_id": "215212726", "timestamp": 1653086380129, "tick_direction": 3, "price": 0.003, "mark_price": 0.00378407, "iv": 83.33, "instrument_name": "BTC-30DEC22-150000-C", "index_price": 29252.93, "direction": "sell", "amount": 0.1}, {"trade_seq": 687, "trade_id": "215212725", "timestamp": 1653086367429, "tick_direction": 3, "price": 0.003, "mark_price": 0.00378069, "iv": 83.33, "instrument_name": "BTC-30DEC22-150000-C", "index_price": 29252.23, "direction": "sell", "amount": 0.1}, {"trade_seq": 686, "trade_id": "215212714", "timestamp": 1653086355306, "tick_direction": 3, "price": 0.003, "mark_price": 0.00377421, "iv": 83.34, "instrument_name": "BTC-30DEC22-150000-C", "index_price": 29246.16, "direction": "sell", "amount": 0.1}, {"trade_seq": 685, "trade_id": "215212711", "timestamp": 1653086345206, "tick_direction": 3, "price": 0.003, "mark_price": 0.0037735, "iv": 83.34, "instrument_name": "BTC-30DEC22-150000-C", "index_price": 29247.41, "direction": "sell", "amount": 0.1}, {"trade_seq": 684, "trade_id": "215212710", "timestamp": 1653086331065, "tick_direction": 3, "price": 0.003, "mark_price": 0.00376972, "iv": 83.34, "instrument_name": "BTC-30DEC22-150000-C", "index_price": 29243.85, "direction": "sell", "amount": 0.1}, {"trade_seq": 683, "trade_id": "215212708", "timestamp": 1653086323636, "tick_direction": 3, "price": 0.003, "mark_price": 0.00376923, "iv": 83.34, "instrument_name": "BTC-30DEC22-150000-C", "index_price": 29244.81, "direction": "sell", "amount": 0.1}, {"trade_seq": 682, "trade_id": "215212702", "timestamp": 1653086314910, "tick_direction": 3, "price": 0.003, "mark_price": 0.00376739, "iv": 83.34, "instrument_name": "BTC-30DEC22-150000-C", "index_price": 29241.68, "direction": "sell", "amount": 0.1}, {"trade_seq": 681, "trade_id": "215212699", "timestamp": 1653086304490, "tick_direction": 3, "price": 0.003, "mark_price": 0.00376043, "iv": 83.35, "instrument_name": "BTC-30DEC22-150000-C", "index_price": 29230.98, "direction": "sell", "amount": 0.1}, {"trade_seq": 680, "trade_id": "215212697", "timestamp": 1653086297134, "tick_direction": 3, "price": 0.003, "mark_price": 0.00376056, "iv": 83.34, "instrument_name": "BTC-30DEC22-150000-C", "index_price": 29233.61, "direction": "sell", "amount": 0.1}, {"trade_seq": 679, "trade_id": "215212691", "timestamp": 1653086280233, "tick_direction": 3, "price": 0.003, "mark_price": 0.00375936, "iv": 83.34, "instrument_name": "BTC-30DEC22-150000-C", "index_price": 29235.28, "direction": "sell", "amount": 0.1}, {"trade_seq": 678, "trade_id": "215212690", "timestamp": 1653086278573, "tick_direction": 3, "price": 0.003, "mark_price": 0.00375924, "iv": 83.34, "instrument_name": "BTC-30DEC22-150000-C", "index_price": 29235.59, "direction": "sell", "amount": 0.1}, {"trade_seq": 677, "trade_id": "215212688", "timestamp": 1653086264962, "tick_direction": 3, "price": 0.003, "mark_price": 0.00375835, "iv": 83.33, "instrument_name": "BTC-30DEC22-150000-C", "index_price": 29240.72, "direction": "sell", "amount": 0.1}, {"trade_seq": 676, "trade_id": "215212687", "timestamp": 1653086264733, "tick_direction": 3, "price": 0.003, "mark_price": 0.00375835, "iv": 83.33, "instrument_name": "BTC-30DEC22-150000-C", "index_price": 29240.72, "direction": "sell", "amount": 0.1}, {"trade_seq": 675, "trade_id": "215212686", "timestamp": 1653086254396, "tick_direction": 3, "price": 0.003, "mark_price": 0.0037549, "iv": 83.33, "instrument_name": "BTC-30DEC22-150000-C", "index_price": 29240.45, "direction": "sell", "amount": 0.1}, {"trade_seq": 674, "trade_id": "215212685", "timestamp": 1653086244956, "tick_direction": 3, "price": 0.003, "mark_price": 0.00375347, "iv": 83.33, "instrument_name": "BTC-30DEC22-150000-C", "index_price": 29242.9, "direction": "sell", "amount": 0.1}, {"trade_seq": 673, "trade_id": "215212682", "timestamp": 1653086238201, "tick_direction": 3, "price": 0.003, "mark_price": 0.00375462, "iv": 83.33, "instrument_name": "BTC-30DEC22-150000-C", "index_price": 29246.37, "direction": "sell", "amount": 0.1}, {"trade_seq": 672, "trade_id": "215212672", "timestamp": 1653086236177, "tick_direction": 3, "price": 0.003, "mark_price": 0.00375393, "iv": 83.32, "instrument_name": "BTC-30DEC22-150000-C", "index_price": 29248.86, "direction": "sell", "amount": 0.1}, {"trade_seq": 671, "trade_id": "215212670", "timestamp": 1653086223416, "tick_direction": 3, "price": 0.003, "mark_price": 0.00375258, "iv": 83.32, "instrument_name": "BTC-30DEC22-150000-C", "index_price": 29253.83, "direction": "sell", "amount": 0.1}, {"trade_seq": 670, "trade_id": "215212667", "timestamp": 1653086222054, "tick_direction": 3, "price": 0.003, "mark_price": 0.00375269, "iv": 83.32, "instrument_name": "BTC-30DEC22-150000-C", "index_price": 29254.79, "direction": "sell", "amount": 0.1}, {"trade_seq": 669, "trade_id": "215176068", "timestamp": 1653062504812, "tick_direction": 3, "price": 0.003, "mark_price": 0.00321578, "iv": 83.52, "instrument_name": "BTC-30DEC22-150000-C", "index_price": 29048.15, "direction": "sell", "amount": 1.0}, {"trade_seq": 668, "trade_id": "215172664", "timestamp": 1653061219958, "tick_direction": 2, "price": 0.003, "mark_price": 0.00321403, "iv": 83.35, "instrument_name": "BTC-30DEC22-150000-C", "index_price": 29189.22, "direction": "sell", "amount": 1.0}, {"trade_seq": 667, "trade_id": "214848995", "timestamp": 1652886756896, "tick_direction": 0, "price": 0.0032, "mark_price": 0.00323911, "iv": 83.7, "instrument_name": "BTC-30DEC22-150000-C", "index_price": 29121.24, "direction": "sell", "block_trade_id": "39424", "amount": 25.0}, {"trade_seq": 666, "trade_id": "214728130", "timestamp": 1652784573283, "tick_direction": 2, "price": 0.003, "mark_price": 0.00324451, "iv": 80.88, "instrument_name": "BTC-30DEC22-150000-C", "index_price": 30486.38, "direction": "sell", "amount": 1.0}, {"trade_seq": 665, "trade_id": "214606706", "timestamp": 1652682667967, "tick_direction": 3, "price": 0.0035, "mark_price": 0.00347582, "iv": 83.63, "instrument_name": "BTC-30DEC22-150000-C", "index_price": 29455.28, "direction": "sell", "amount": 5.9}, {"trade_seq": 664, "trade_id": "214606705", "timestamp": 1652682667908, "tick_direction": 3, "price": 0.0035, "mark_price": 0.00347582, "iv": 83.63, "instrument_name": "BTC-30DEC22-150000-C", "index_price": 29455.28, "direction": "sell", "amount": 8.5}, {"trade_seq": 663, "trade_id": "214606704", "timestamp": 1652682667876, "tick_direction": 2, "price": 0.0035, "mark_price": 0.00347582, "iv": 83.63, "instrument_name": "BTC-30DEC22-150000-C", "index_price": 29455.28, "direction": "sell", "amount": 1.4}, {"trade_seq": 662, "trade_id": "214566743", "timestamp": 1652652821537, "tick_direction": 3, "price": 0.004, "mark_price": 0.00359708, "iv": 82.67, "instrument_name": "BTC-30DEC22-150000-C", "index_price": 31141.49, "direction": "sell", "amount": 5.7}, {"trade_seq": 661, "trade_id": "214555847", "timestamp": 1652646151474, "tick_direction": 3, "price": 0.004, "mark_price": 0.00374609, "iv": 83.0, "instrument_name": "BTC-30DEC22-150000-C", "index_price": 30878.18, "direction": "sell", "amount": 2.2}, {"trade_seq": 660, "trade_id": "214532865", "timestamp": 1652621208678, "tick_direction": 3, "price": 0.004, "mark_price": 0.00403964, "iv": 83.87, "instrument_name": "BTC-30DEC22-150000-C", "index_price": 30136.68, "direction": "buy", "amount": 7.3}, {"trade_seq": 659, "trade_id": "214532864", "timestamp": 1652621208675, "tick_direction": 2, "price": 0.004, "mark_price": 0.00403964, "iv": 83.87, "instrument_name": "BTC-30DEC22-150000-C", "index_price": 30136.68, "direction": "sell", "amount": 2.7}, {"trade_seq": 658, "trade_id": "214494509", "timestamp": 1652569147706, "tick_direction": 3, "price": 0.0045, "mark_price": 0.00551731, "iv": 84.93, "instrument_name": "BTC-30DEC22-150000-C", "index_price": 30200.34, "direction": "sell", "amount": 0.1}, {"trade_seq": 657, "trade_id": "214494508", "timestamp": 1652569147466, "tick_direction": 3, "price": 0.0045, "mark_price": 0.00551731, "iv": 84.93, "instrument_name": "BTC-30DEC22-150000-C", "index_price": 30200.34, "direction": "sell", "amount": 0.1}, {"trade_seq": 656, "trade_id": "214494507", "timestamp": 1652569147425, "tick_direction": 3, "price": 0.0045, "mark_price": 0.00551731, "iv": 84.93, "instrument_name": "BTC-30DEC22-150000-C", "index_price": 30200.34, "direction": "sell", "amount": 0.1}, {"trade_seq": 655, "trade_id": "214494504", "timestamp": 1652569140673, "tick_direction": 3, "price": 0.0045, "mark_price": 0.00554359, "iv": 84.9, "instrument_name": "BTC-30DEC22-150000-C", "index_price": 30218.45, "direction": "sell", "amount": 0.1}, {"trade_seq": 654, "trade_id": "214494503", "timestamp": 1652569140644, "tick_direction": 3, "price": 0.0045, "mark_price": 0.00554359, "iv": 84.9, "instrument_name": "BTC-30DEC22-150000-C", "index_price": 30218.45, "direction": "sell", "amount": 0.1}, {"trade_seq": 653, "trade_id": "214494502", "timestamp": 1652569140629, "tick_direction": 3, "price": 0.0045, "mark_price": 0.00554359, "iv": 84.9, "instrument_name": "BTC-30DEC22-150000-C", "index_price": 30218.45, "direction": "sell", "amount": 0.1}, {"trade_seq": 652, "trade_id": "214494500", "timestamp": 1652569140594, "tick_direction": 3, "price": 0.0045, "mark_price": 0.00554359, "iv": 84.9, "instrument_name": "BTC-30DEC22-150000-C", "index_price": 30218.45, "direction": "sell", "amount": 0.1}, {"trade_seq": 651, "trade_id": "214494499", "timestamp": 1652569140569, "tick_direction": 3, "price": 0.0045, "mark_price": 0.00554359, "iv": 84.9, "instrument_name": "BTC-30DEC22-150000-C", "index_price": 30218.45, "direction": "sell", "amount": 0.1}, {"trade_seq": 650, "trade_id": "214494498", "timestamp": 1652569140523, "tick_direction": 3, "price": 0.0045, "mark_price": 0.00554359, "iv": 84.9, "instrument_name": "BTC-30DEC22-150000-C", "index_price": 30218.45, "direction": "sell", "amount": 0.2}, {"trade_seq": 649, "trade_id": "214494497", "timestamp": 1652569140488, "tick_direction": 3, "price": 0.0045, "mark_price": 0.00554359, "iv": 84.9, "instrument_name": "BTC-30DEC22-150000-C", "index_price": 30218.45, "direction": "sell", "amount": 0.1}, {"trade_seq": 648, "trade_id": "214494489", "timestamp": 1652569140385, "tick_direction": 2, "price": 0.0045, "mark_price": 0.00554359, "iv": 84.9, "instrument_name": "BTC-30DEC22-150000-C", "index_price": 30218.45, "direction": "sell", "amount": 0.1}, {"trade_seq": 647, "trade_id": "214494193", "timestamp": 1652569051746, "tick_direction": 1, "price": 0.005, "mark_price": 0.00576429, "iv": 86.08, "instrument_name": "BTC-30DEC22-150000-C", "index_price": 30206.05, "direction": "sell", "amount": 0.8}, {"trade_seq": 646, "trade_id": "214489589", "timestamp": 1652567232163, "tick_direction": 1, "price": 0.005, "mark_price": 0.00456036, "iv": 86.95, "instrument_name": "BTC-30DEC22-150000-C", "index_price": 29587.07, "direction": "buy", "amount": 0.7}, {"trade_seq": 645, "trade_id": "214489588", "timestamp": 1652567231707, "tick_direction": 1, "price": 0.005, "mark_price": 0.00455978, "iv": 86.95, "instrument_name": "BTC-30DEC22-150000-C", "index_price": 29587.07, "direction": "buy", "amount": 1.9}, {"trade_seq": 644, "trade_id": "214489587", "timestamp": 1652567231671, "tick_direction": 0, "price": 0.005, "mark_price": 0.00455978, "iv": 86.95, "instrument_name": "BTC-30DEC22-150000-C", "index_price": 29587.07, "direction": "sell", "amount": 4.2}, {"trade_seq": 643, "trade_id": "214488050", "timestamp": 1652565211301, "tick_direction": 3, "price": 0.004, "mark_price": 0.0042182, "iv": 84.31, "instrument_name": "BTC-30DEC22-150000-C", "index_price": 29750.31, "direction": "buy", "amount": 0.1}, {"trade_seq": 642, "trade_id": "214488049", "timestamp": 1652565211198, "tick_direction": 3, "price": 0.004, "mark_price": 0.0042182, "iv": 84.31, "instrument_name": "BTC-30DEC22-150000-C", "index_price": 29752.18, "direction": "buy", "amount": 0.1}, {"trade_seq": 641, "trade_id": "214488048", "timestamp": 1652565211129, "tick_direction": 3, "price": 0.004, "mark_price": 0.0042182, "iv": 84.31, "instrument_name": "BTC-30DEC22-150000-C", "index_price": 29752.18, "direction": "buy", "amount": 0.1}, {"trade_seq": 640, "trade_id": "214488047", "timestamp": 1652565211019, "tick_direction": 3, "price": 0.004, "mark_price": 0.0042182, "iv": 84.31, "instrument_name": "BTC-30DEC22-150000-C", "index_price": 29752.18, "direction": "buy", "amount": 0.1}, {"trade_seq": 639, "trade_id": "214488046", "timestamp": 1652565210994, "tick_direction": 3, "price": 0.004, "mark_price": 0.0042182, "iv": 84.31, "instrument_name": "BTC-30DEC22-150000-C", "index_price": 29752.18, "direction": "buy", "amount": 0.3}, {"trade_seq": 638, "trade_id": "214488045", "timestamp": 1652565210859, "tick_direction": 2, "price": 0.004, "mark_price": 0.00422006, "iv": 84.31, "instrument_name": "BTC-30DEC22-150000-C", "index_price": 29752.18, "direction": "buy", "amount": 0.3}, {"trade_seq": 637, "trade_id": "214482396", "timestamp": 1652558129446, "tick_direction": 2, "price": 0.0045, "mark_price": 0.0044273, "iv": 86.15, "instrument_name": "BTC-30DEC22-150000-C", "index_price": 29361.03, "direction": "buy", "amount": 0.1}, {"trade_seq": 636, "trade_id": "214448206", "timestamp": 1652530910618, "tick_direction": 1, "price": 0.005, "mark_price": 0.00410894, "iv": 87.83, "instrument_name": "BTC-30DEC22-150000-C", "index_price": 28974.42, "direction": "buy", "amount": 2.6}, {"trade_seq": 635, "trade_id": "214448205", "timestamp": 1652530910618, "tick_direction": 1, "price": 0.005, "mark_price": 0.00410894, "iv": 87.83, "instrument_name": "BTC-30DEC22-150000-C", "index_price": 28974.42, "direction": "buy", "amount": 2.4}, {"trade_seq": 634, "trade_id": "214416188", "timestamp": 1652495672807, "tick_direction": 1, "price": 0.005, "mark_price": 0.00443505, "iv": 86.78, "instrument_name": "BTC-30DEC22-150000-C", "index_price": 29635.64, "direction": "buy", "amount": 0.1}, {"trade_seq": 633, "trade_id": "214416187", "timestamp": 1652495672787, "tick_direction": 1, "price": 0.005, "mark_price": 0.00443505, "iv": 86.78, "instrument_name": "BTC-30DEC22-150000-C", "index_price": 29635.64, "direction": "buy", "amount": 0.1}, {"trade_seq": 632, "trade_id": "214416186", "timestamp": 1652495672644, "tick_direction": 1, "price": 0.005, "mark_price": 0.00443505, "iv": 86.78, "instrument_name": "BTC-30DEC22-150000-C", "index_price": 29635.64, "direction": "buy", "amount": 0.1}, {"trade_seq": 631, "trade_id": "214416185", "timestamp": 1652495672619, "tick_direction": 1, "price": 0.005, "mark_price": 0.00443505, "iv": 86.78, "instrument_name": "BTC-30DEC22-150000-C", "index_price": 29635.64, "direction": "buy", "amount": 0.1}, {"trade_seq": 630, "trade_id": "214416172", "timestamp": 1652495659046, "tick_direction": 1, "price": 0.005, "mark_price": 0.00444105, "iv": 86.76, "instrument_name": "BTC-30DEC22-150000-C", "index_price": 29655.29, "direction": "buy", "amount": 0.1}, {"trade_seq": 629, "trade_id": "214416171", "timestamp": 1652495658873, "tick_direction": 1, "price": 0.005, "mark_price": 0.00444105, "iv": 86.76, "instrument_name": "BTC-30DEC22-150000-C", "index_price": 29655.29, "direction": "buy", "amount": 0.1}, {"trade_seq": 628, "trade_id": "214416170", "timestamp": 1652495658134, "tick_direction": 1, "price": 0.005, "mark_price": 0.00444092, "iv": 86.76, "instrument_name": "BTC-30DEC22-150000-C", "index_price": 29655.53, "direction": "buy", "amount": 0.2}, {"trade_seq": 627, "trade_id": "214416153", "timestamp": 1652495645001, "tick_direction": 1, "price": 0.005, "mark_price": 0.00443373, "iv": 86.78, "instrument_name": "BTC-30DEC22-150000-C", "index_price": 29646.73, "direction": "buy", "amount": 0.1}, {"trade_seq": 626, "trade_id": "214416152", "timestamp": 1652495643455, "tick_direction": 1, "price": 0.005, "mark_price": 0.00443377, "iv": 86.78, "instrument_name": "BTC-30DEC22-150000-C", "index_price": 29646.43, "direction": "buy", "amount": 0.1}, {"trade_seq": 625, "trade_id": "214416151", "timestamp": 1652495643036, "tick_direction": 1, "price": 0.005, "mark_price": 0.00443379, "iv": 86.78, "instrument_name": "BTC-30DEC22-150000-C", "index_price": 29647.23, "direction": "buy", "amount": 0.1}, {"trade_seq": 624, "trade_id": "214416150", "timestamp": 1652495641241, "tick_direction": 1, "price": 0.005, "mark_price": 0.00443749, "iv": 86.78, "instrument_name": "BTC-30DEC22-150000-C", "index_price": 29649.22, "direction": "buy", "amount": 0.1}, {"trade_seq": 623, "trade_id": "214416140", "timestamp": 1652495636827, "tick_direction": 0, "price": 0.005, "mark_price": 0.00443674, "iv": 86.77, "instrument_name": "BTC-30DEC22-150000-C", "index_price": 29655.48, "direction": "buy", "amount": 0.1}, {"trade_seq": 622, "trade_id": "214383631", "timestamp": 1652469076556, "tick_direction": 0, "price": 0.0045, "mark_price": 0.00390692, "iv": 85.09, "instrument_name": "BTC-30DEC22-150000-C", "index_price": 29947.21, "direction": "buy", "amount": 0.4}, {"trade_seq": 621, "trade_id": "214367256", "timestamp": 1652463615575, "tick_direction": 3, "price": 0.004, "mark_price": 0.00412675, "iv": 83.77, "instrument_name": "BTC-30DEC22-150000-C", "index_price": 29987.5, "direction": "buy", "amount": 0.1}, {"trade_seq": 620, "trade_id": "214343947", "timestamp": 1652452761782, "tick_direction": 3, "price": 0.004, "mark_price": 0.00397307, "iv": 82.49, "instrument_name": "BTC-30DEC22-150000-C", "index_price": 30921.12, "direction": "sell", "amount": 3.2}, {"trade_seq": 619, "trade_id": "214343946", "timestamp": 1652452761768, "tick_direction": 3, "price": 0.004, "mark_price": 0.00397307, "iv": 82.49, "instrument_name": "BTC-30DEC22-150000-C", "index_price": 30921.12, "direction": "sell", "amount": 0.6}, {"trade_seq": 618, "trade_id": "214235280", "timestamp": 1652404631929, "tick_direction": 3, "price": 0.004, "mark_price": 0.00412517, "iv": 84.56, "instrument_name": "BTC-30DEC22-150000-C", "index_price": 29390.47, "direction": "sell", "amount": 0.1}, {"trade_seq": 617, "trade_id": "214235254", "timestamp": 1652404619237, "tick_direction": 2, "price": 0.004, "mark_price": 0.00413663, "iv": 84.56, "instrument_name": "BTC-30DEC22-150000-C", "index_price": 29405.05, "direction": "sell", "amount": 0.2}, {"trade_seq": 616, "trade_id": "214206291", "timestamp": 1652390443799, "tick_direction": 1, "price": 0.0045, "mark_price": 0.0040883, "iv": 87.45, "instrument_name": "BTC-30DEC22-150000-C", "index_price": 28261.2, "direction": "sell", "amount": 0.6}, {"trade_seq": 615, "trade_id": "214206290", "timestamp": 1652390443795, "tick_direction": 1, "price": 0.0045, "mark_price": 0.0040883, "iv": 87.45, "instrument_name": "BTC-30DEC22-150000-C", "index_price": 28261.2, "direction": "sell", "amount": 1.7}, {"trade_seq": 614, "trade_id": "214206282", "timestamp": 1652390440807, "tick_direction": 1, "price": 0.0045, "mark_price": 0.00408509, "iv": 87.45, "instrument_name": "BTC-30DEC22-150000-C", "index_price": 28262.27, "direction": "buy", "amount": 0.2}, {"trade_seq": 613, "trade_id": "214206281", "timestamp": 1652390439213, "tick_direction": 1, "price": 0.0045, "mark_price": 0.0040839, "iv": 87.44, "instrument_name": "BTC-30DEC22-150000-C", "index_price": 28263.02, "direction": "buy", "amount": 0.5}, {"trade_seq": 612, "trade_id": "214206280", "timestamp": 1652390438893, "tick_direction": 1, "price": 0.0045, "mark_price": 0.0040839, "iv": 87.44, "instrument_name": "BTC-30DEC22-150000-C", "index_price": 28263.02, "direction": "buy", "amount": 0.7}, {"trade_seq": 611, "trade_id": "214206279", "timestamp": 1652390436781, "tick_direction": 1, "price": 0.0045, "mark_price": 0.00408168, "iv": 87.44, "instrument_name": "BTC-30DEC22-150000-C", "index_price": 28262.8, "direction": "buy", "amount": 0.3}, {"trade_seq": 610, "trade_id": "214127963", "timestamp": 1652365460079, "tick_direction": 1, "price": 0.0045, "mark_price": 0.00429984, "iv": 87.03, "instrument_name": "BTC-30DEC22-150000-C", "index_price": 28570.37, "direction": "buy", "amount": 0.1}, {"trade_seq": 609, "trade_id": "214127942", "timestamp": 1652365454221, "tick_direction": 1, "price": 0.0045, "mark_price": 0.0042928, "iv": 87.04, "instrument_name": "BTC-30DEC22-150000-C", "index_price": 28561.94, "direction": "buy", "amount": 0.1}, {"trade_seq": 608, "trade_id": "214127934", "timestamp": 1652365453832, "tick_direction": 1, "price": 0.0045, "mark_price": 0.00429116, "iv": 87.04, "instrument_name": "BTC-30DEC22-150000-C", "index_price": 28561.94, "direction": "buy", "amount": 0.1}, {"trade_seq": 607, "trade_id": "214127933", "timestamp": 1652365453823, "tick_direction": 1, "price": 0.0045, "mark_price": 0.00429116, "iv": 87.04, "instrument_name": "BTC-30DEC22-150000-C", "index_price": 28561.94, "direction": "buy", "amount": 0.1}, {"trade_seq": 606, "trade_id": "214127930", "timestamp": 1652365453085, "tick_direction": 1, "price": 0.0045, "mark_price": 0.00429059, "iv": 87.04, "instrument_name": "BTC-30DEC22-150000-C", "index_price": 28558.52, "direction": "buy", "amount": 0.1}, {"trade_seq": 605, "trade_id": "214127923", "timestamp": 1652365448051, "tick_direction": 1, "price": 0.0045, "mark_price": 0.00428162, "iv": 87.05, "instrument_name": "BTC-30DEC22-150000-C", "index_price": 28548.15, "direction": "buy", "amount": 0.1}, {"trade_seq": 604, "trade_id": "214127922", "timestamp": 1652365447958, "tick_direction": 1, "price": 0.0045, "mark_price": 0.00428162, "iv": 87.05, "instrument_name": "BTC-30DEC22-150000-C", "index_price": 28548.15, "direction": "buy", "amount": 0.1}, {"trade_seq": 603, "trade_id": "214127921", "timestamp": 1652365447945, "tick_direction": 1, "price": 0.0045, "mark_price": 0.00428162, "iv": 87.05, "instrument_name": "BTC-30DEC22-150000-C", "index_price": 28548.15, "direction": "buy", "amount": 0.1}, {"trade_seq": 602, "trade_id": "214127913", "timestamp": 1652365444372, "tick_direction": 1, "price": 0.0045, "mark_price": 0.00428074, "iv": 87.06, "instrument_name": "BTC-30DEC22-150000-C", "index_price": 28537.02, "direction": "buy", "amount": 0.1}, {"trade_seq": 601, "trade_id": "214127912", "timestamp": 1652365444353, "tick_direction": 0, "price": 0.0045, "mark_price": 0.00428074, "iv": 87.06, "instrument_name": "BTC-30DEC22-150000-C", "index_price": 28537.02, "direction": "buy", "amount": 0.1}, {"trade_seq": 600, "trade_id": "214111725", "timestamp": 1652362717268, "tick_direction": 3, "price": 0.004, "mark_price": 0.00412074, "iv": 86.81, "instrument_name": "BTC-30DEC22-150000-C", "index_price": 27815.87, "direction": "buy", "amount": 0.1}, {"trade_seq": 599, "trade_id": "214111723", "timestamp": 1652362717254, "tick_direction": 3, "price": 0.004, "mark_price": 0.00412074, "iv": 86.81, "instrument_name": "BTC-30DEC22-150000-C", "index_price": 27815.87, "direction": "buy", "amount": 0.2}, {"trade_seq": 598, "trade_id": "214111722", "timestamp": 1652362717243, "tick_direction": 3, "price": 0.004, "mark_price": 0.00412074, "iv": 86.81, "instrument_name": "BTC-30DEC22-150000-C", "index_price": 27815.87, "direction": "buy", "amount": 0.1}, {"trade_seq": 597, "trade_id": "214111719", "timestamp": 1652362717192, "tick_direction": 3, "price": 0.004, "mark_price": 0.00412074, "iv": 86.81, "instrument_name": "BTC-30DEC22-150000-C", "index_price": 27815.87, "direction": "buy", "amount": 0.1}, {"trade_seq": 596, "trade_id": "214111718", "timestamp": 1652362717178, "tick_direction": 3, "price": 0.004, "mark_price": 0.00412074, "iv": 86.81, "instrument_name": "BTC-30DEC22-150000-C", "index_price": 27815.87, "direction": "buy", "amount": 0.1}, {"trade_seq": 595, "trade_id": "214110919", "timestamp": 1652362656466, "tick_direction": 3, "price": 0.004, "mark_price": 0.00418937, "iv": 86.65, "instrument_name": "BTC-30DEC22-150000-C", "index_price": 27929.48, "direction": "buy", "amount": 0.1}, {"trade_seq": 594, "trade_id": "214110915", "timestamp": 1652362656171, "tick_direction": 3, "price": 0.004, "mark_price": 0.00418517, "iv": 86.65, "instrument_name": "BTC-30DEC22-150000-C", "index_price": 27929.48, "direction": "buy", "amount": 0.1}, {"trade_seq": 593, "trade_id": "214110912", "timestamp": 1652362656029, "tick_direction": 3, "price": 0.004, "mark_price": 0.00418517, "iv": 86.65, "instrument_name": "BTC-30DEC22-150000-C", "index_price": 27929.48, "direction": "buy", "amount": 0.1}, {"trade_seq": 592, "trade_id": "214110908", "timestamp": 1652362655806, "tick_direction": 2, "price": 0.004, "mark_price": 0.00418517, "iv": 86.66, "instrument_name": "BTC-30DEC22-150000-C", "index_price": 27924.5, "direction": "buy", "amount": 0.1}, {"trade_seq": 591, "trade_id": "214098708", "timestamp": 1652360040064, "tick_direction": 3, "price": 0.0045, "mark_price": 0.00475177, "iv": 87.38, "instrument_name": "BTC-30DEC22-150000-C", "index_price": 28305.73, "direction": "sell", "amount": 1.0}, {"trade_seq": 590, "trade_id": "214098532", "timestamp": 1652360012010, "tick_direction": 3, "price": 0.0045, "mark_price": 0.00470643, "iv": 87.49, "instrument_name": "BTC-30DEC22-150000-C", "index_price": 28220.05, "direction": "sell", "amount": 0.5}, {"trade_seq": 589, "trade_id": "214098524", "timestamp": 1652360007309, "tick_direction": 2, "price": 0.0045, "mark_price": 0.00470988, "iv": 87.49, "instrument_name": "BTC-30DEC22-150000-C", "index_price": 28220.23, "direction": "sell", "amount": 1.0}, {"trade_seq": 588, "trade_id": "213970524", "timestamp": 1652340079146, "tick_direction": 0, "price": 0.007, "mark_price": 0.00596194, "iv": 95.53, "instrument_name": "BTC-30DEC22-150000-C", "index_price": 26331.79, "direction": "buy", "amount": 0.4}, {"trade_seq": 587, "trade_id": "213733674", "timestamp": 1652305664670, "tick_direction": 1, "price": 0.006, "mark_price": 0.005205, "iv": 90.22, "instrument_name": "BTC-30DEC22-150000-C", "index_price": 28419.95, "direction": "buy", "amount": 0.1}, {"trade_seq": 586, "trade_id": "213732403", "timestamp": 1652305373477, "tick_direction": 1, "price": 0.006, "mark_price": 0.00492619, "iv": 90.2, "instrument_name": "BTC-30DEC22-150000-C", "index_price": 28472.77, "direction": "buy", "amount": 0.1}, {"trade_seq": 585, "trade_id": "213732402", "timestamp": 1652305373463, "tick_direction": 1, "price": 0.006, "mark_price": 0.00492619, "iv": 90.2, "instrument_name": "BTC-30DEC22-150000-C", "index_price": 28472.77, "direction": "buy", "amount": 0.1}, {"trade_seq": 584, "trade_id": "213732401", "timestamp": 1652305372869, "tick_direction": 1, "price": 0.006, "mark_price": 0.00492545, "iv": 90.2, "instrument_name": "BTC-30DEC22-150000-C", "index_price": 28472.77, "direction": "buy", "amount": 0.1}, {"trade_seq": 583, "trade_id": "213732400", "timestamp": 1652305372820, "tick_direction": 1, "price": 0.006, "mark_price": 0.00492545, "iv": 90.2, "instrument_name": "BTC-30DEC22-150000-C", "index_price": 28472.77, "direction": "buy", "amount": 0.1}, {"trade_seq": 582, "trade_id": "213732399", "timestamp": 1652305372657, "tick_direction": 1, "price": 0.006, "mark_price": 0.00492545, "iv": 90.2, "instrument_name": "BTC-30DEC22-150000-C", "index_price": 28474.6, "direction": "buy", "amount": 0.1}, {"trade_seq": 581, "trade_id": "213732398", "timestamp": 1652305372350, "tick_direction": 1, "price": 0.006, "mark_price": 0.00492545, "iv": 90.2, "instrument_name": "BTC-30DEC22-150000-C", "index_price": 28474.6, "direction": "buy", "amount": 0.2}, {"trade_seq": 580, "trade_id": "213732397", "timestamp": 1652305372284, "tick_direction": 0, "price": 0.006, "mark_price": 0.00492545, "iv": 90.2, "instrument_name": "BTC-30DEC22-150000-C", "index_price": 28474.6, "direction": "buy", "amount": 0.2}, {"trade_seq": 579, "trade_id": "213732396", "timestamp": 1652305372275, "tick_direction": 0, "price": 0.0055, "mark_price": 0.00492545, "iv": 89.18, "instrument_name": "BTC-30DEC22-150000-C", "index_price": 28474.6, "direction": "buy", "amount": 1.8}, {"trade_seq": 578, "trade_id": "213476866", "timestamp": 1652273700190, "tick_direction": 1, "price": 0.0045, "mark_price": 0.00414683, "iv": 85.23, "instrument_name": "BTC-30DEC22-150000-C", "index_price": 29558.56, "direction": "buy", "amount": 0.1}, {"trade_seq": 577, "trade_id": "213476859", "timestamp": 1652273700120, "tick_direction": 1, "price": 0.0045, "mark_price": 0.00414683, "iv": 85.23, "instrument_name": "BTC-30DEC22-150000-C", "index_price": 29558.56, "direction": "buy", "amount": 0.1}, {"trade_seq": 576, "trade_id": "213476854", "timestamp": 1652273699728, "tick_direction": 1, "price": 0.0045, "mark_price": 0.00414683, "iv": 85.23, "instrument_name": "BTC-30DEC22-150000-C", "index_price": 29558.56, "direction": "buy", "amount": 0.1}, {"trade_seq": 575, "trade_id": "213476837", "timestamp": 1652273699435, "tick_direction": 1, "price": 0.0045, "mark_price": 0.00414683, "iv": 85.24, "instrument_name": "BTC-30DEC22-150000-C", "index_price": 29546.54, "direction": "buy", "amount": 0.1}, {"trade_seq": 574, "trade_id": "213476836", "timestamp": 1652273699256, "tick_direction": 0, "price": 0.0045, "mark_price": 0.0041487, "iv": 85.24, "instrument_name": "BTC-30DEC22-150000-C", "index_price": 29546.54, "direction": "buy", "amount": 0.1}, {"trade_seq": 573, "trade_id": "213221291", "timestamp": 1652192541624, "tick_direction": 3, "price": 0.0035, "mark_price": 0.00348418, "iv": 79.55, "instrument_name": "BTC-30DEC22-150000-C", "index_price": 31716.19, "direction": "sell", "amount": 0.5}, {"trade_seq": 572, "trade_id": "212721829", "timestamp": 1652084714044, "tick_direction": 3, "price": 0.0035, "mark_price": 0.0032549, "iv": 77.26, "instrument_name": "BTC-30DEC22-150000-C", "index_price": 33355.44, "direction": "buy", "amount": 0.1}, {"trade_seq": 571, "trade_id": "212622209", "timestamp": 1652032811730, "tick_direction": 3, "price": 0.0035, "mark_price": 0.00351012, "iv": 76.26, "instrument_name": "BTC-30DEC22-150000-C", "index_price": 34042.87, "direction": "buy", "amount": 0.5}, {"trade_seq": 570, "trade_id": "212559732", "timestamp": 1652014255635, "tick_direction": 3, "price": 0.0035, "mark_price": 0.00344194, "iv": 75.47, "instrument_name": "BTC-30DEC22-150000-C", "index_price": 34619.95, "direction": "buy", "amount": 0.1}, {"trade_seq": 569, "trade_id": "212559731", "timestamp": 1652014254518, "tick_direction": 3, "price": 0.0035, "mark_price": 0.00343993, "iv": 75.47, "instrument_name": "BTC-30DEC22-150000-C", "index_price": 34618.53, "direction": "buy", "amount": 0.1}, {"trade_seq": 568, "trade_id": "212559730", "timestamp": 1652014254190, "tick_direction": 3, "price": 0.0035, "mark_price": 0.00343948, "iv": 75.48, "instrument_name": "BTC-30DEC22-150000-C", "index_price": 34615.03, "direction": "buy", "amount": 0.1}, {"trade_seq": 567, "trade_id": "212559729", "timestamp": 1652014254138, "tick_direction": 3, "price": 0.0035, "mark_price": 0.00343948, "iv": 75.48, "instrument_name": "BTC-30DEC22-150000-C", "index_price": 34615.03, "direction": "buy", "amount": 0.1}, {"trade_seq": 566, "trade_id": "212559728", "timestamp": 1652014253946, "tick_direction": 3, "price": 0.0035, "mark_price": 0.00343948, "iv": 75.48, "instrument_name": "BTC-30DEC22-150000-C", "index_price": 34615.03, "direction": "buy", "amount": 0.1}, {"trade_seq": 565, "trade_id": "212559727", "timestamp": 1652014253923, "tick_direction": 3, "price": 0.0035, "mark_price": 0.00343948, "iv": 75.48, "instrument_name": "BTC-30DEC22-150000-C", "index_price": 34615.03, "direction": "buy", "amount": 0.1}, {"trade_seq": 564, "trade_id": "212559725", "timestamp": 1652014252198, "tick_direction": 3, "price": 0.0035, "mark_price": 0.00344097, "iv": 75.48, "instrument_name": "BTC-30DEC22-150000-C", "index_price": 34617.01, "direction": "buy", "amount": 0.1}, {"trade_seq": 563, "trade_id": "212559724", "timestamp": 1652014252025, "tick_direction": 3, "price": 0.0035, "mark_price": 0.00344097, "iv": 75.48, "instrument_name": "BTC-30DEC22-150000-C", "index_price": 34617.01, "direction": "buy", "amount": 0.1}, {"trade_seq": 562, "trade_id": "212559723", "timestamp": 1652014251874, "tick_direction": 3, "price": 0.0035, "mark_price": 0.00344097, "iv": 75.48, "instrument_name": "BTC-30DEC22-150000-C", "index_price": 34617.01, "direction": "buy", "amount": 0.1}, {"trade_seq": 561, "trade_id": "212559715", "timestamp": 1652014248909, "tick_direction": 3, "price": 0.0035, "mark_price": 0.00343992, "iv": 75.47, "instrument_name": "BTC-30DEC22-150000-C", "index_price": 34621.64, "direction": "buy", "amount": 0.1}, {"trade_seq": 560, "trade_id": "212559714", "timestamp": 1652014247830, "tick_direction": 3, "price": 0.0035, "mark_price": 0.00343977, "iv": 75.48, "instrument_name": "BTC-30DEC22-150000-C", "index_price": 34621.14, "direction": "buy", "amount": 0.1}, {"trade_seq": 559, "trade_id": "212559713", "timestamp": 1652014245963, "tick_direction": 3, "price": 0.0035, "mark_price": 0.00343897, "iv": 75.48, "instrument_name": "BTC-30DEC22-150000-C", "index_price": 34621.49, "direction": "buy", "amount": 0.1}, {"trade_seq": 558, "trade_id": "212559712", "timestamp": 1652014245950, "tick_direction": 3, "price": 0.0035, "mark_price": 0.00343897, "iv": 75.48, "instrument_name": "BTC-30DEC22-150000-C", "index_price": 34621.49, "direction": "buy", "amount": 0.1}, {"trade_seq": 557, "trade_id": "212559711", "timestamp": 1652014245942, "tick_direction": 3, "price": 0.0035, "mark_price": 0.00343897, "iv": 75.48, "instrument_name": "BTC-30DEC22-150000-C", "index_price": 34621.49, "direction": "buy", "amount": 0.1}, {"trade_seq": 556, "trade_id": "212559710", "timestamp": 1652014245825, "tick_direction": 3, "price": 0.0035, "mark_price": 0.00343897, "iv": 75.48, "instrument_name": "BTC-30DEC22-150000-C", "index_price": 34621.49, "direction": "buy", "amount": 0.1}, {"trade_seq": 555, "trade_id": "212328799", "timestamp": 1651851908945, "tick_direction": 3, "price": 0.0035, "mark_price": 0.00388506, "iv": 73.5, "instrument_name": "BTC-30DEC22-150000-C", "index_price": 36061.04, "direction": "sell", "amount": 2.4}, {"trade_seq": 554, "trade_id": "212328798", "timestamp": 1651851908945, "tick_direction": 3, "price": 0.0035, "mark_price": 0.00388506, "iv": 73.5, "instrument_name": "BTC-30DEC22-150000-C", "index_price": 36061.04, "direction": "sell", "amount": 2.8}, {"trade_seq": 553, "trade_id": "212328797", "timestamp": 1651851908945, "tick_direction": 3, "price": 0.0035, "mark_price": 0.00388506, "iv": 73.5, "instrument_name": "BTC-30DEC22-150000-C", "index_price": 36061.04, "direction": "sell", "amount": 1.0}, {"trade_seq": 552, "trade_id": "212328796", "timestamp": 1651851908945, "tick_direction": 3, "price": 0.0035, "mark_price": 0.00388506, "iv": 73.5, "instrument_name": "BTC-30DEC22-150000-C", "index_price": 36061.04, "direction": "sell", "amount": 1.0}, {"trade_seq": 551, "trade_id": "212299075", "timestamp": 1651845504899, "tick_direction": 2, "price": 0.0035, "mark_price": 0.00392699, "iv": 73.96, "instrument_name": "BTC-30DEC22-150000-C", "index_price": 35670.53, "direction": "sell", "block_trade_id": "38331", "amount": 25.0}, {"trade_seq": 550, "trade_id": "212297793", "timestamp": 1651845269635, "tick_direction": 3, "price": 0.004, "mark_price": 0.00386904, "iv": 75.32, "instrument_name": "BTC-30DEC22-150000-C", "index_price": 35584.39, "direction": "sell", "block_trade_id": "38330", "amount": 25.0}, {"trade_seq": 549, "trade_id": "212210000", "timestamp": 1651815883754, "tick_direction": 2, "price": 0.004, "mark_price": 0.00427217, "iv": 74.24, "instrument_name": "BTC-30DEC22-150000-C", "index_price": 36467.17, "direction": "sell", "amount": 2.7}, {"trade_seq": 548, "trade_id": "211997195", "timestamp": 1651749730786, "tick_direction": 1, "price": 0.0055, "mark_price": 0.00484817, "iv": 73.69, "instrument_name": "BTC-30DEC22-150000-C", "index_price": 39557.79, "direction": "buy", "amount": 1.2}, {"trade_seq": 547, "trade_id": "211997194", "timestamp": 1651749730786, "tick_direction": 0, "price": 0.0055, "mark_price": 0.00484817, "iv": 73.69, "instrument_name": "BTC-30DEC22-150000-C", "index_price": 39557.79, "direction": "buy", "amount": 0.8}, {"trade_seq": 546, "trade_id": "211917021", "timestamp": 1651685418910, "tick_direction": 1, "price": 0.005, "mark_price": 0.00469284, "iv": 73.32, "instrument_name": "BTC-30DEC22-150000-C", "index_price": 38950.57, "direction": "buy", "amount": 3.0}, {"trade_seq": 545, "trade_id": "211917020", "timestamp": 1651685417492, "tick_direction": 0, "price": 0.005, "mark_price": 0.00469261, "iv": 73.32, "instrument_name": "BTC-30DEC22-150000-C", "index_price": 38951.5, "direction": "buy", "amount": 3.0}, {"trade_seq": 544, "trade_id": "211849124", "timestamp": 1651617838793, "tick_direction": 2, "price": 0.0045, "mark_price": 0.00466515, "iv": 73.39, "instrument_name": "BTC-30DEC22-150000-C", "index_price": 37783.34, "direction": "sell", "amount": 2.6}, {"trade_seq": 543, "trade_id": "211782148", "timestamp": 1651546879354, "tick_direction": 1, "price": 0.005, "mark_price": 0.00517873, "iv": 73.6, "instrument_name": "BTC-30DEC22-150000-C", "index_price": 38390.55, "direction": "sell", "amount": 2.3}, {"trade_seq": 542, "trade_id": "211684296", "timestamp": 1651461830140, "tick_direction": 1, "price": 0.005, "mark_price": 0.00523231, "iv": 73.21, "instrument_name": "BTC-30DEC22-150000-C", "index_price": 38662.98, "direction": "sell", "amount": 2.0}, {"trade_seq": 541, "trade_id": "211683009", "timestamp": 1651459906833, "tick_direction": 1, "price": 0.005, "mark_price": 0.00527021, "iv": 73.31, "instrument_name": "BTC-30DEC22-150000-C", "index_price": 38561.39, "direction": "buy", "amount": 1.2}, {"trade_seq": 540, "trade_id": "211683008", "timestamp": 1651459906830, "tick_direction": 1, "price": 0.005, "mark_price": 0.00527021, "iv": 73.31, "instrument_name": "BTC-30DEC22-150000-C", "index_price": 38561.39, "direction": "sell", "amount": 2.8}, {"trade_seq": 539, "trade_id": "211657056", "timestamp": 1651435094722, "tick_direction": 1, "price": 0.005, "mark_price": 0.00483736, "iv": 74.06, "instrument_name": "BTC-30DEC22-150000-C", "index_price": 37809.25, "direction": "buy", "amount": 0.1}, {"trade_seq": 538, "trade_id": "211657050", "timestamp": 1651435094065, "tick_direction": 1, "price": 0.005, "mark_price": 0.00483586, "iv": 74.06, "instrument_name": "BTC-30DEC22-150000-C", "index_price": 37809.25, "direction": "buy", "amount": 0.1}, {"trade_seq": 537, "trade_id": "211657042", "timestamp": 1651435093730, "tick_direction": 1, "price": 0.005, "mark_price": 0.00483586, "iv": 74.07, "instrument_name": "BTC-30DEC22-150000-C", "index_price": 37807.13, "direction": "buy", "amount": 0.1}, {"trade_seq": 536, "trade_id": "211655839", "timestamp": 1651434311428, "tick_direction": 1, "price": 0.005, "mark_price": 0.00477174, "iv": 73.98, "instrument_name": "BTC-30DEC22-150000-C", "index_price": 37948.35, "direction": "buy", "amount": 0.1}, {"trade_seq": 535, "trade_id": "211655838", "timestamp": 1651434311416, "tick_direction": 1, "price": 0.005, "mark_price": 0.00477174, "iv": 73.98, "instrument_name": "BTC-30DEC22-150000-C", "index_price": 37948.35, "direction": "buy", "amount": 0.1}, {"trade_seq": 534, "trade_id": "211655837", "timestamp": 1651434311393, "tick_direction": 1, "price": 0.005, "mark_price": 0.00477174, "iv": 73.98, "instrument_name": "BTC-30DEC22-150000-C", "index_price": 37948.35, "direction": "buy", "amount": 0.1}, {"trade_seq": 533, "trade_id": "211655826", "timestamp": 1651434307263, "tick_direction": 1, "price": 0.005, "mark_price": 0.00476772, "iv": 73.99, "instrument_name": "BTC-30DEC22-150000-C", "index_price": 37942.6, "direction": "buy", "amount": 0.1}, {"trade_seq": 532, "trade_id": "211655825", "timestamp": 1651434306912, "tick_direction": 1, "price": 0.005, "mark_price": 0.00476772, "iv": 73.99, "instrument_name": "BTC-30DEC22-150000-C", "index_price": 37942.6, "direction": "buy", "amount": 0.1}, {"trade_seq": 531, "trade_id": "211655824", "timestamp": 1651434306893, "tick_direction": 1, "price": 0.005, "mark_price": 0.00476772, "iv": 73.99, "instrument_name": "BTC-30DEC22-150000-C", "index_price": 37942.6, "direction": "buy", "amount": 0.1}, {"trade_seq": 530, "trade_id": "211655821", "timestamp": 1651434305012, "tick_direction": 1, "price": 0.005, "mark_price": 0.00476605, "iv": 73.99, "instrument_name": "BTC-30DEC22-150000-C", "index_price": 37939.68, "direction": "buy", "amount": 0.1}, {"trade_seq": 529, "trade_id": "211655816", "timestamp": 1651434300905, "tick_direction": 1, "price": 0.005, "mark_price": 0.004765, "iv": 73.99, "instrument_name": "BTC-30DEC22-150000-C", "index_price": 37938.25, "direction": "buy", "amount": 0.1}, {"trade_seq": 528, "trade_id": "211655807", "timestamp": 1651434294208, "tick_direction": 0, "price": 0.005, "mark_price": 0.00476374, "iv": 73.99, "instrument_name": "BTC-30DEC22-150000-C", "index_price": 37937.23, "direction": "buy", "amount": 0.1}, {"trade_seq": 527, "trade_id": "211573090", "timestamp": 1651324108286, "tick_direction": 2, "price": 0.0045, "mark_price": 0.00476894, "iv": 72.0, "instrument_name": "BTC-30DEC22-150000-C", "index_price": 38569.84, "direction": "sell", "amount": 2.3}, {"trade_seq": 526, "trade_id": "211470873", "timestamp": 1651212742614, "tick_direction": 0, "price": 0.0055, "mark_price": 0.00540415, "iv": 72.88, "instrument_name": "BTC-30DEC22-150000-C", "index_price": 39389.06, "direction": "buy", "amount": 0.2}, {"trade_seq": 525, "trade_id": "211409117", "timestamp": 1651160463479, "tick_direction": 2, "price": 0.0045, "mark_price": 0.0051919, "iv": 70.71, "instrument_name": "BTC-30DEC22-150000-C", "index_price": 39558.17, "direction": "sell", "amount": 1.0}, {"trade_seq": 524, "trade_id": "211320309", "timestamp": 1651083546867, "tick_direction": 1, "price": 0.0055, "mark_price": 0.00564805, "iv": 72.95, "instrument_name": "BTC-30DEC22-150000-C", "index_price": 39029.24, "direction": "sell", "amount": 0.1}, {"trade_seq": 523, "trade_id": "211267614", "timestamp": 1651050290318, "tick_direction": 1, "price": 0.0055, "mark_price": 0.00545132, "iv": 72.97, "instrument_name": "BTC-30DEC22-150000-C", "index_price": 39054.79, "direction": "buy", "amount": 2.8}, {"trade_seq": 522, "trade_id": "211073782", "timestamp": 1650914613575, "tick_direction": 1, "price": 0.0055, "mark_price": 0.00576312, "iv": 71.44, "instrument_name": "BTC-30DEC22-150000-C", "index_price": 40193.1, "direction": "sell", "amount": 0.2}, {"trade_seq": 521, "trade_id": "211073781", "timestamp": 1650914613568, "tick_direction": 1, "price": 0.0055, "mark_price": 0.00576312, "iv": 71.44, "instrument_name": "BTC-30DEC22-150000-C", "index_price": 40193.1, "direction": "sell", "amount": 0.3}, {"trade_seq": 520, "trade_id": "211073780", "timestamp": 1650914613549, "tick_direction": 1, "price": 0.0055, "mark_price": 0.00576312, "iv": 71.44, "instrument_name": "BTC-30DEC22-150000-C", "index_price": 40193.1, "direction": "sell", "amount": 0.3}, {"trade_seq": 519, "trade_id": "211073398", "timestamp": 1650914470149, "tick_direction": 1, "price": 0.0055, "mark_price": 0.00581915, "iv": 71.49, "instrument_name": "BTC-30DEC22-150000-C", "index_price": 40158.68, "direction": "sell", "amount": 0.1}, {"trade_seq": 518, "trade_id": "211073397", "timestamp": 1650914470075, "tick_direction": 1, "price": 0.0055, "mark_price": 0.00581915, "iv": 71.49, "instrument_name": "BTC-30DEC22-150000-C", "index_price": 40158.68, "direction": "sell", "amount": 0.1}, {"trade_seq": 517, "trade_id": "211073388", "timestamp": 1650914469904, "tick_direction": 1, "price": 0.0055, "mark_price": 0.00581915, "iv": 71.49, "instrument_name": "BTC-30DEC22-150000-C", "index_price": 40158.68, "direction": "sell", "amount": 0.1}, {"trade_seq": 516, "trade_id": "211073386", "timestamp": 1650914469604, "tick_direction": 1, "price": 0.0055, "mark_price": 0.00581915, "iv": 71.49, "instrument_name": "BTC-30DEC22-150000-C", "index_price": 40158.68, "direction": "sell", "amount": 0.1}, {"trade_seq": 515, "trade_id": "211073385", "timestamp": 1650914469590, "tick_direction": 1, "price": 0.0055, "mark_price": 0.00581915, "iv": 71.49, "instrument_name": "BTC-30DEC22-150000-C", "index_price": 40158.68, "direction": "sell", "amount": 0.1}, {"trade_seq": 514, "trade_id": "211073372", "timestamp": 1650914464553, "tick_direction": 1, "price": 0.0055, "mark_price": 0.0058246, "iv": 71.49, "instrument_name": "BTC-30DEC22-150000-C", "index_price": 40163.69, "direction": "sell", "amount": 0.1}, {"trade_seq": 513, "trade_id": "211073371", "timestamp": 1650914464530, "tick_direction": 1, "price": 0.0055, "mark_price": 0.0058246, "iv": 71.49, "instrument_name": "BTC-30DEC22-150000-C", "index_price": 40163.69, "direction": "sell", "amount": 0.1}, {"trade_seq": 512, "trade_id": "211073333", "timestamp": 1650914451900, "tick_direction": 1, "price": 0.0055, "mark_price": 0.00583679, "iv": 71.47, "instrument_name": "BTC-30DEC22-150000-C", "index_price": 40173.17, "direction": "sell", "amount": 0.1}, {"trade_seq": 511, "trade_id": "211068821", "timestamp": 1650912837484, "tick_direction": 1, "price": 0.0055, "mark_price": 0.00599122, "iv": 71.4, "instrument_name": "BTC-30DEC22-150000-C", "index_price": 40150.97, "direction": "sell", "amount": 0.1}, {"trade_seq": 510, "trade_id": "211068779", "timestamp": 1650912821044, "tick_direction": 1, "price": 0.0055, "mark_price": 0.00601554, "iv": 71.39, "instrument_name": "BTC-30DEC22-150000-C", "index_price": 40154.44, "direction": "sell", "amount": 0.1}, {"trade_seq": 509, "trade_id": "211068773", "timestamp": 1650912820871, "tick_direction": 1, "price": 0.0055, "mark_price": 0.00601554, "iv": 71.39, "instrument_name": "BTC-30DEC22-150000-C", "index_price": 40154.44, "direction": "sell", "amount": 0.1}, {"trade_seq": 508, "trade_id": "211063766", "timestamp": 1650912513392, "tick_direction": 1, "price": 0.0055, "mark_price": 0.00600736, "iv": 71.77, "instrument_name": "BTC-30DEC22-150000-C", "index_price": 39896.71, "direction": "sell", "amount": 0.1}, {"trade_seq": 507, "trade_id": "211063695", "timestamp": 1650912507354, "tick_direction": 1, "price": 0.0055, "mark_price": 0.00600022, "iv": 71.78, "instrument_name": "BTC-30DEC22-150000-C", "index_price": 39886.98, "direction": "sell", "amount": 0.1}, {"trade_seq": 506, "trade_id": "211063694", "timestamp": 1650912507333, "tick_direction": 1, "price": 0.0055, "mark_price": 0.00600022, "iv": 71.78, "instrument_name": "BTC-30DEC22-150000-C", "index_price": 39886.98, "direction": "sell", "amount": 0.1}, {"trade_seq": 505, "trade_id": "211063690", "timestamp": 1650912505340, "tick_direction": 1, "price": 0.0055, "mark_price": 0.00600017, "iv": 71.79, "instrument_name": "BTC-30DEC22-150000-C", "index_price": 39880.71, "direction": "sell", "amount": 0.1}, {"trade_seq": 504, "trade_id": "211063689", "timestamp": 1650912505320, "tick_direction": 1, "price": 0.0055, "mark_price": 0.00600017, "iv": 71.79, "instrument_name": "BTC-30DEC22-150000-C", "index_price": 39880.71, "direction": "sell", "amount": 0.1}, {"trade_seq": 503, "trade_id": "211063336", "timestamp": 1650912471255, "tick_direction": 1, "price": 0.0055, "mark_price": 0.00594305, "iv": 71.88, "instrument_name": "BTC-30DEC22-150000-C", "index_price": 39783.1, "direction": "sell", "amount": 0.1}, {"trade_seq": 502, "trade_id": "211063324", "timestamp": 1650912462053, "tick_direction": 1, "price": 0.0055, "mark_price": 0.00594937, "iv": 71.88, "instrument_name": "BTC-30DEC22-150000-C", "index_price": 39785.35, "direction": "sell", "amount": 0.1}, {"trade_seq": 501, "trade_id": "211063323", "timestamp": 1650912462009, "tick_direction": 1, "price": 0.0055, "mark_price": 0.00594937, "iv": 71.88, "instrument_name": "BTC-30DEC22-150000-C", "index_price": 39785.35, "direction": "sell", "amount": 0.1}, {"trade_seq": 500, "trade_id": "211063322", "timestamp": 1650912462000, "tick_direction": 1, "price": 0.0055, "mark_price": 0.00594937, "iv": 71.88, "instrument_name": "BTC-30DEC22-150000-C", "index_price": 39785.35, "direction": "sell", "amount": 0.1}, {"trade_seq": 499, "trade_id": "211063321", "timestamp": 1650912461991, "tick_direction": 1, "price": 0.0055, "mark_price": 0.00594937, "iv": 71.88, "instrument_name": "BTC-30DEC22-150000-C", "index_price": 39785.35, "direction": "sell", "amount": 0.2}, {"trade_seq": 498, "trade_id": "211063312", "timestamp": 1650912459016, "tick_direction": 1, "price": 0.0055, "mark_price": 0.00595581, "iv": 71.87, "instrument_name": "BTC-30DEC22-150000-C", "index_price": 39791.9, "direction": "sell", "amount": 0.1}, {"trade_seq": 497, "trade_id": "211063308", "timestamp": 1650912454993, "tick_direction": 1, "price": 0.0055, "mark_price": 0.00595627, "iv": 71.86, "instrument_name": "BTC-30DEC22-150000-C", "index_price": 39793.84, "direction": "sell", "amount": 0.1}, {"trade_seq": 496, "trade_id": "211063286", "timestamp": 1650912451146, "tick_direction": 1, "price": 0.0055, "mark_price": 0.00595583, "iv": 71.86, "instrument_name": "BTC-30DEC22-150000-C", "index_price": 39793.42, "direction": "sell", "amount": 0.1}, {"trade_seq": 495, "trade_id": "211063276", "timestamp": 1650912450125, "tick_direction": 1, "price": 0.0055, "mark_price": 0.00595628, "iv": 71.87, "instrument_name": "BTC-30DEC22-150000-C", "index_price": 39791.66, "direction": "sell", "amount": 0.1}, {"trade_seq": 494, "trade_id": "211063270", "timestamp": 1650912448301, "tick_direction": 1, "price": 0.0055, "mark_price": 0.00595368, "iv": 71.87, "instrument_name": "BTC-30DEC22-150000-C", "index_price": 39792.98, "direction": "sell", "amount": 0.1}, {"trade_seq": 493, "trade_id": "211063265", "timestamp": 1650912447849, "tick_direction": 1, "price": 0.0055, "mark_price": 0.00595368, "iv": 71.87, "instrument_name": "BTC-30DEC22-150000-C", "index_price": 39791.47, "direction": "sell", "amount": 0.1}, {"trade_seq": 492, "trade_id": "211063260", "timestamp": 1650912446939, "tick_direction": 1, "price": 0.0055, "mark_price": 0.00595614, "iv": 71.87, "instrument_name": "BTC-30DEC22-150000-C", "index_price": 39789.97, "direction": "sell", "amount": 0.1}, {"trade_seq": 491, "trade_id": "211063258", "timestamp": 1650912445626, "tick_direction": 1, "price": 0.0055, "mark_price": 0.00595342, "iv": 71.87, "instrument_name": "BTC-30DEC22-150000-C", "index_price": 39794.8, "direction": "sell", "amount": 0.1}, {"trade_seq": 490, "trade_id": "211062797", "timestamp": 1650912396279, "tick_direction": 1, "price": 0.0055, "mark_price": 0.00588219, "iv": 71.97, "instrument_name": "BTC-30DEC22-150000-C", "index_price": 39721.53, "direction": "sell", "amount": 0.1}, {"trade_seq": 489, "trade_id": "211062795", "timestamp": 1650912396258, "tick_direction": 1, "price": 0.0055, "mark_price": 0.00588219, "iv": 71.97, "instrument_name": "BTC-30DEC22-150000-C", "index_price": 39721.53, "direction": "sell", "amount": 0.1}, {"trade_seq": 488, "trade_id": "211062794", "timestamp": 1650912396236, "tick_direction": 1, "price": 0.0055, "mark_price": 0.00588219, "iv": 71.97, "instrument_name": "BTC-30DEC22-150000-C", "index_price": 39721.53, "direction": "sell", "amount": 0.1}, {"trade_seq": 487, "trade_id": "211062793", "timestamp": 1650912396222, "tick_direction": 1, "price": 0.0055, "mark_price": 0.00588219, "iv": 71.97, "instrument_name": "BTC-30DEC22-150000-C", "index_price": 39721.53, "direction": "sell", "amount": 0.1}, {"trade_seq": 486, "trade_id": "211062792", "timestamp": 1650912396195, "tick_direction": 1, "price": 0.0055, "mark_price": 0.00588219, "iv": 71.97, "instrument_name": "BTC-30DEC22-150000-C", "index_price": 39721.53, "direction": "sell", "amount": 0.1}, {"trade_seq": 485, "trade_id": "211062791", "timestamp": 1650912396178, "tick_direction": 1, "price": 0.0055, "mark_price": 0.00588219, "iv": 71.97, "instrument_name": "BTC-30DEC22-150000-C", "index_price": 39721.53, "direction": "sell", "amount": 0.1}, {"trade_seq": 484, "trade_id": "211062790", "timestamp": 1650912396164, "tick_direction": 1, "price": 0.0055, "mark_price": 0.00588219, "iv": 71.97, "instrument_name": "BTC-30DEC22-150000-C", "index_price": 39721.53, "direction": "sell", "amount": 0.1}, {"trade_seq": 483, "trade_id": "211062784", "timestamp": 1650912396152, "tick_direction": 1, "price": 0.0055, "mark_price": 0.00588219, "iv": 71.97, "instrument_name": "BTC-30DEC22-150000-C", "index_price": 39721.53, "direction": "sell", "amount": 0.1}, {"trade_seq": 482, "trade_id": "211062780", "timestamp": 1650912396136, "tick_direction": 1, "price": 0.0055, "mark_price": 0.00588219, "iv": 71.97, "instrument_name": "BTC-30DEC22-150000-C", "index_price": 39721.53, "direction": "sell", "amount": 0.2}, {"trade_seq": 481, "trade_id": "211062778", "timestamp": 1650912396121, "tick_direction": 1, "price": 0.0055, "mark_price": 0.00588219, "iv": 71.97, "instrument_name": "BTC-30DEC22-150000-C", "index_price": 39721.53, "direction": "sell", "amount": 0.1}, {"trade_seq": 480, "trade_id": "211062765", "timestamp": 1650912396015, "tick_direction": 1, "price": 0.0055, "mark_price": 0.00588219, "iv": 71.97, "instrument_name": "BTC-30DEC22-150000-C", "index_price": 39721.53, "direction": "sell", "amount": 0.2}, {"trade_seq": 479, "trade_id": "211062761", "timestamp": 1650912395988, "tick_direction": 1, "price": 0.0055, "mark_price": 0.00588219, "iv": 71.97, "instrument_name": "BTC-30DEC22-150000-C", "index_price": 39721.53, "direction": "sell", "amount": 0.2}, {"trade_seq": 478, "trade_id": "211062750", "timestamp": 1650912395872, "tick_direction": 1, "price": 0.0055, "mark_price": 0.00588219, "iv": 71.97, "instrument_name": "BTC-30DEC22-150000-C", "index_price": 39721.53, "direction": "sell", "amount": 0.1}, {"trade_seq": 477, "trade_id": "211062747", "timestamp": 1650912395819, "tick_direction": 1, "price": 0.0055, "mark_price": 0.00588219, "iv": 71.97, "instrument_name": "BTC-30DEC22-150000-C", "index_price": 39721.53, "direction": "sell", "amount": 0.1}, {"trade_seq": 476, "trade_id": "211062745", "timestamp": 1650912395788, "tick_direction": 0, "price": 0.0055, "mark_price": 0.00588219, "iv": 71.97, "instrument_name": "BTC-30DEC22-150000-C", "index_price": 39700.47, "direction": "sell", "amount": 0.2}, {"trade_seq": 475, "trade_id": "211002900", "timestamp": 1650882862452, "tick_direction": 0, "price": 0.005, "mark_price": 0.00555682, "iv": 72.27, "instrument_name": "BTC-30DEC22-150000-C", "index_price": 38491.23, "direction": "sell", "amount": 1.2}, {"trade_seq": 474, "trade_id": "210943992", "timestamp": 1650835350958, "tick_direction": 3, "price": 0.0045, "mark_price": 0.00464898, "iv": 70.04, "instrument_name": "BTC-30DEC22-150000-C", "index_price": 39518.7, "direction": "sell", "amount": 3.8}, {"trade_seq": 473, "trade_id": "210907520", "timestamp": 1650797408982, "tick_direction": 3, "price": 0.0045, "mark_price": 0.00457018, "iv": 69.82, "instrument_name": "BTC-30DEC22-150000-C", "index_price": 39677.94, "direction": "buy", "amount": 0.1}, {"trade_seq": 472, "trade_id": "210907519", "timestamp": 1650797408766, "tick_direction": 3, "price": 0.0045, "mark_price": 0.00457018, "iv": 69.82, "instrument_name": "BTC-30DEC22-150000-C", "index_price": 39677.94, "direction": "buy", "amount": 0.1}, {"trade_seq": 471, "trade_id": "210907518", "timestamp": 1650797408742, "tick_direction": 3, "price": 0.0045, "mark_price": 0.00457018, "iv": 69.82, "instrument_name": "BTC-30DEC22-150000-C", "index_price": 39677.94, "direction": "buy", "amount": 0.1}, {"trade_seq": 470, "trade_id": "210907512", "timestamp": 1650797406969, "tick_direction": 3, "price": 0.0045, "mark_price": 0.00456994, "iv": 69.82, "instrument_name": "BTC-30DEC22-150000-C", "index_price": 39678.31, "direction": "buy", "amount": 0.2}, {"trade_seq": 469, "trade_id": "210907511", "timestamp": 1650797404956, "tick_direction": 3, "price": 0.0045, "mark_price": 0.00456979, "iv": 69.82, "instrument_name": "BTC-30DEC22-150000-C", "index_price": 39677.96, "direction": "buy", "amount": 0.2}, {"trade_seq": 468, "trade_id": "210907503", "timestamp": 1650797396962, "tick_direction": 3, "price": 0.0045, "mark_price": 0.00457, "iv": 69.82, "instrument_name": "BTC-30DEC22-150000-C", "index_price": 39677.71, "direction": "buy", "amount": 0.3}, {"trade_seq": 467, "trade_id": "210907502", "timestamp": 1650797396914, "tick_direction": 3, "price": 0.0045, "mark_price": 0.00457, "iv": 69.82, "instrument_name": "BTC-30DEC22-150000-C", "index_price": 39677.71, "direction": "buy", "amount": 0.4}, {"trade_seq": 466, "trade_id": "210907493", "timestamp": 1650797395997, "tick_direction": 3, "price": 0.0045, "mark_price": 0.00457, "iv": 69.82, "instrument_name": "BTC-30DEC22-150000-C", "index_price": 39680.07, "direction": "buy", "amount": 0.6}, {"trade_seq": 465, "trade_id": "210907486", "timestamp": 1650797380022, "tick_direction": 3, "price": 0.0045, "mark_price": 0.00457093, "iv": 69.82, "instrument_name": "BTC-30DEC22-150000-C", "index_price": 39684.01, "direction": "buy", "amount": 1.0}, {"trade_seq": 464, "trade_id": "210902812", "timestamp": 1650788022319, "tick_direction": 2, "price": 0.0045, "mark_price": 0.00443938, "iv": 69.66, "instrument_name": "BTC-30DEC22-150000-C", "index_price": 39802.41, "direction": "sell", "amount": 2.6}