{"trades": [{"trade_seq": 439, "trade_id": "138080495", "timestamp": 1616543029844, "tick_direction": 2, "price": 0.595, "mark_price": 0.59589651, "iv": 0.0, "instrument_name": "BTC-26MAR21-22000-C", "index_price": 54383.16, "direction": "sell", "amount": 1.6}, {"trade_seq": 438, "trade_id": "137708927", "timestamp": 1616431147536, "tick_direction": 0, "price": 0.613, "mark_price": 0.61009693, "iv": 484.27, "instrument_name": "BTC-26MAR21-22000-C", "index_price": 56324.89, "direction": "buy", "amount": 2.0}, {"trade_seq": 437, "trade_id": "134336751", "timestamp": 1615211738679, "tick_direction": 0, "price": 0.57, "mark_price": 0.57243562, "iv": 0.0, "instrument_name": "BTC-26MAR21-22000-C", "index_price": 50883.74, "direction": "buy", "amount": 0.1}, {"trade_seq": 436, "trade_id": "133684847", "timestamp": 1614907044154, "tick_direction": 2, "price": 0.5235, "mark_price": 0.5352873, "iv": 0.0, "instrument_name": "BTC-26MAR21-22000-C", "index_price": 46687.15, "direction": "sell", "amount": 0.1}, {"trade_seq": 435, "trade_id": "133031742", "timestamp": 1614701674677, "tick_direction": 2, "price": 0.5535, "mark_price": 0.553644, "iv": 152.93, "instrument_name": "BTC-26MAR21-22000-C", "index_price": 48494.09, "direction": "buy", "amount": 0.3}, {"trade_seq": 434, "trade_id": "133031557", "timestamp": 1614701646834, "tick_direction": 2, "price": 0.554, "mark_price": 0.55412198, "iv": 153.19, "instrument_name": "BTC-26MAR21-22000-C", "index_price": 48541.01, "direction": "buy", "amount": 0.1}, {"trade_seq": 433, "trade_id": "133029794", "timestamp": 1614701078144, "tick_direction": 2, "price": 0.555, "mark_price": 0.55465842, "iv": 158.66, "instrument_name": "BTC-26MAR21-22000-C", "index_price": 48626.35, "direction": "buy", "amount": 0.2}, {"trade_seq": 432, "trade_id": "129702930", "timestamp": 1613968968865, "tick_direction": 2, "price": 0.6155, "mark_price": 0.61537105, "iv": 167.23, "instrument_name": "BTC-26MAR21-22000-C", "index_price": 55276.74, "direction": "sell", "amount": 0.1}, {"trade_seq": 431, "trade_id": "129135912", "timestamp": 1613767356295, "tick_direction": 0, "price": 0.621, "mark_price": 0.62296935, "iv": 137.69, "instrument_name": "BTC-26MAR21-22000-C", "index_price": 55601.45, "direction": "sell", "amount": 1.0}, {"trade_seq": 430, "trade_id": "129117988", "timestamp": 1613761952918, "tick_direction": 0, "price": 0.62, "mark_price": 0.62073477, "iv": 154.44, "instrument_name": "BTC-26MAR21-22000-C", "index_price": 55232.39, "direction": "sell", "amount": 0.1}, {"trade_seq": 429, "trade_id": "128653749", "timestamp": 1613594747463, "tick_direction": 0, "price": 0.601, "mark_price": 0.60106965, "iv": 156.99, "instrument_name": "BTC-26MAR21-22000-C", "index_price": 52401.59, "direction": "sell", "amount": 0.1}, {"trade_seq": 428, "trade_id": "128635714", "timestamp": 1613590507110, "tick_direction": 1, "price": 0.5995, "mark_price": 0.59990183, "iv": 153.8, "instrument_name": "BTC-26MAR21-22000-C", "index_price": 52092.79, "direction": "buy", "amount": 0.1}, {"trade_seq": 427, "trade_id": "128635694", "timestamp": 1613590506686, "tick_direction": 1, "price": 0.5995, "mark_price": 0.59988044, "iv": 153.8, "instrument_name": "BTC-26MAR21-22000-C", "index_price": 52092.79, "direction": "buy", "amount": 0.1}, {"trade_seq": 426, "trade_id": "128635692", "timestamp": 1613590506601, "tick_direction": 1, "price": 0.5995, "mark_price": 0.59988044, "iv": 153.8, "instrument_name": "BTC-26MAR21-22000-C", "index_price": 52092.79, "direction": "buy", "amount": 0.1}, {"trade_seq": 425, "trade_id": "128635690", "timestamp": 1613590506545, "tick_direction": 1, "price": 0.5995, "mark_price": 0.59988044, "iv": 153.8, "instrument_name": "BTC-26MAR21-22000-C", "index_price": 52092.79, "direction": "buy", "amount": 0.1}, {"trade_seq": 424, "trade_id": "128635683", "timestamp": 1613590506449, "tick_direction": 0, "price": 0.5995, "mark_price": 0.59988044, "iv": 153.8, "instrument_name": "BTC-26MAR21-22000-C", "index_price": 52092.79, "direction": "buy", "amount": 0.1}, {"trade_seq": 423, "trade_id": "128623487", "timestamp": 1613586124765, "tick_direction": 1, "price": 0.5965, "mark_price": 0.59641141, "iv": 156.89, "instrument_name": "BTC-26MAR21-22000-C", "index_price": 51644.9, "direction": "sell", "amount": 0.1}, {"trade_seq": 422, "trade_id": "128623486", "timestamp": 1613586124735, "tick_direction": 0, "price": 0.5965, "mark_price": 0.59641141, "iv": 156.89, "instrument_name": "BTC-26MAR21-22000-C", "index_price": 51644.9, "direction": "sell", "amount": 0.2}, {"trade_seq": 421, "trade_id": "128592705", "timestamp": 1613576366300, "tick_direction": 1, "price": 0.592, "mark_price": 0.59285782, "iv": 150.44, "instrument_name": "BTC-26MAR21-22000-C", "index_price": 51091.58, "direction": "buy", "amount": 0.9}, {"trade_seq": 420, "trade_id": "128592539", "timestamp": 1613576333884, "tick_direction": 0, "price": 0.592, "mark_price": 0.59283716, "iv": 150.33, "instrument_name": "BTC-26MAR21-22000-C", "index_price": 51096.62, "direction": "buy", "amount": 1.0}, {"trade_seq": 419, "trade_id": "128592427", "timestamp": 1613576309117, "tick_direction": 0, "price": 0.5915, "mark_price": 0.59258421, "iv": 148.58, "instrument_name": "BTC-26MAR21-22000-C", "index_price": 51056.31, "direction": "sell", "amount": 1.0}, {"trade_seq": 418, "trade_id": "127952696", "timestamp": 1613405762803, "tick_direction": 1, "price": 0.565, "mark_price": 0.56542013, "iv": 141.37, "instrument_name": "BTC-26MAR21-22000-C", "index_price": 48195.27, "direction": "buy", "amount": 0.1}, {"trade_seq": 417, "trade_id": "127952695", "timestamp": 1613405762716, "tick_direction": 1, "price": 0.565, "mark_price": 0.56542013, "iv": 141.64, "instrument_name": "BTC-26MAR21-22000-C", "index_price": 48195.27, "direction": "buy", "amount": 0.1}, {"trade_seq": 416, "trade_id": "127952083", "timestamp": 1613405428879, "tick_direction": 1, "price": 0.565, "mark_price": 0.56562175, "iv": 140.42, "instrument_name": "BTC-26MAR21-22000-C", "index_price": 48198.61, "direction": "buy", "amount": 0.1}, {"trade_seq": 415, "trade_id": "127952082", "timestamp": 1613405428821, "tick_direction": 1, "price": 0.565, "mark_price": 0.56562175, "iv": 140.42, "instrument_name": "BTC-26MAR21-22000-C", "index_price": 48198.61, "direction": "buy", "amount": 0.1}, {"trade_seq": 414, "trade_id": "127952081", "timestamp": 1613405428634, "tick_direction": 1, "price": 0.565, "mark_price": 0.56562175, "iv": 140.42, "instrument_name": "BTC-26MAR21-22000-C", "index_price": 48198.61, "direction": "buy", "amount": 0.1}, {"trade_seq": 413, "trade_id": "127952080", "timestamp": 1613405428551, "tick_direction": 1, "price": 0.565, "mark_price": 0.56561942, "iv": 140.42, "instrument_name": "BTC-26MAR21-22000-C", "index_price": 48198.61, "direction": "buy", "amount": 0.1}, {"trade_seq": 412, "trade_id": "127952057", "timestamp": 1613405423950, "tick_direction": 1, "price": 0.565, "mark_price": 0.56565436, "iv": 140.25, "instrument_name": "BTC-26MAR21-22000-C", "index_price": 48206.33, "direction": "buy", "amount": 0.1}, {"trade_seq": 411, "trade_id": "127951937", "timestamp": 1613405390699, "tick_direction": 1, "price": 0.565, "mark_price": 0.5656831, "iv": 140.05, "instrument_name": "BTC-26MAR21-22000-C", "index_price": 48207.31, "direction": "buy", "amount": 0.1}, {"trade_seq": 410, "trade_id": "127951891", "timestamp": 1613405385912, "tick_direction": 0, "price": 0.565, "mark_price": 0.56564333, "iv": 140.24, "instrument_name": "BTC-26MAR21-22000-C", "index_price": 48208.03, "direction": "buy", "amount": 0.2}, {"trade_seq": 409, "trade_id": "127862012", "timestamp": 1613372688539, "tick_direction": 3, "price": 0.555, "mark_price": 0.55563396, "iv": 139.33, "instrument_name": "BTC-26MAR21-22000-C", "index_price": 47276.23, "direction": "buy", "amount": 0.6}, {"trade_seq": 408, "trade_id": "127861995", "timestamp": 1613372686211, "tick_direction": 3, "price": 0.555, "mark_price": 0.5555237, "iv": 139.93, "instrument_name": "BTC-26MAR21-22000-C", "index_price": 47255.46, "direction": "buy", "amount": 0.1}, {"trade_seq": 407, "trade_id": "127861980", "timestamp": 1613372685849, "tick_direction": 3, "price": 0.555, "mark_price": 0.5555237, "iv": 139.93, "instrument_name": "BTC-26MAR21-22000-C", "index_price": 47255.46, "direction": "buy", "amount": 0.1}, {"trade_seq": 406, "trade_id": "127861919", "timestamp": 1613372683266, "tick_direction": 3, "price": 0.555, "mark_price": 0.55535309, "iv": 140.84, "instrument_name": "BTC-26MAR21-22000-C", "index_price": 47249.53, "direction": "buy", "amount": 0.1}, {"trade_seq": 405, "trade_id": "127861917", "timestamp": 1613372683153, "tick_direction": 2, "price": 0.555, "mark_price": 0.55535309, "iv": 140.84, "instrument_name": "BTC-26MAR21-22000-C", "index_price": 47249.53, "direction": "buy", "amount": 0.1}, {"trade_seq": 404, "trade_id": "127545845", "timestamp": 1613282207627, "tick_direction": 1, "price": 0.5745, "mark_price": 0.57423254, "iv": 146.49, "instrument_name": "BTC-26MAR21-22000-C", "index_price": 48785.16, "direction": "buy", "amount": 0.2}, {"trade_seq": 403, "trade_id": "127545787", "timestamp": 1613282202217, "tick_direction": 1, "price": 0.5745, "mark_price": 0.57395516, "iv": 147.41, "instrument_name": "BTC-26MAR21-22000-C", "index_price": 48762.77, "direction": "buy", "amount": 0.1}, {"trade_seq": 402, "trade_id": "127545786", "timestamp": 1613282202164, "tick_direction": 1, "price": 0.5745, "mark_price": 0.57395516, "iv": 147.41, "instrument_name": "BTC-26MAR21-22000-C", "index_price": 48762.77, "direction": "buy", "amount": 0.1}, {"trade_seq": 401, "trade_id": "127545784", "timestamp": 1613282202003, "tick_direction": 0, "price": 0.5745, "mark_price": 0.57395516, "iv": 147.41, "instrument_name": "BTC-26MAR21-22000-C", "index_price": 48762.77, "direction": "buy", "amount": 0.1}, {"trade_seq": 400, "trade_id": "126777999", "timestamp": 1613028154097, "tick_direction": 0, "price": 0.5425, "mark_price": 0.53539842, "iv": 159.12, "instrument_name": "BTC-26MAR21-22000-C", "index_price": 45104.59, "direction": "sell", "amount": 1.0}, {"trade_seq": 399, "trade_id": "126689367", "timestamp": 1612994043466, "tick_direction": 3, "price": 0.535, "mark_price": 0.53542192, "iv": 132.85, "instrument_name": "BTC-26MAR21-22000-C", "index_price": 45003.32, "direction": "sell", "amount": 0.2}, {"trade_seq": 398, "trade_id": "126689362", "timestamp": 1612994043383, "tick_direction": 3, "price": 0.535, "mark_price": 0.53542192, "iv": 132.85, "instrument_name": "BTC-26MAR21-22000-C", "index_price": 45003.32, "direction": "sell", "amount": 0.1}, {"trade_seq": 397, "trade_id": "126689357", "timestamp": 1612994043209, "tick_direction": 2, "price": 0.535, "mark_price": 0.53544059, "iv": 132.85, "instrument_name": "BTC-26MAR21-22000-C", "index_price": 45003.32, "direction": "sell", "amount": 0.1}, {"trade_seq": 396, "trade_id": "126689249", "timestamp": 1612994012247, "tick_direction": 0, "price": 0.5355, "mark_price": 0.53552403, "iv": 134.48, "instrument_name": "BTC-26MAR21-22000-C", "index_price": 45010.8, "direction": "sell", "amount": 1.0}, {"trade_seq": 395, "trade_id": "126677754", "timestamp": 1612988491810, "tick_direction": 0, "price": 0.535, "mark_price": 0.53515926, "iv": 134.01, "instrument_name": "BTC-26MAR21-22000-C", "index_price": 44997.37, "direction": "sell", "amount": 0.1}, {"trade_seq": 394, "trade_id": "126656659", "timestamp": 1612980986646, "tick_direction": 1, "price": 0.5345, "mark_price": 0.5346371, "iv": 133.35, "instrument_name": "BTC-26MAR21-22000-C", "index_price": 45016.07, "direction": "sell", "amount": 0.1}, {"trade_seq": 393, "trade_id": "126656658", "timestamp": 1612980986603, "tick_direction": 0, "price": 0.5345, "mark_price": 0.5346371, "iv": 133.35, "instrument_name": "BTC-26MAR21-22000-C", "index_price": 45016.07, "direction": "sell", "amount": 0.1}, {"trade_seq": 392, "trade_id": "126641281", "timestamp": 1612977035724, "tick_direction": 3, "price": 0.532, "mark_price": 0.53220759, "iv": 132.7, "instrument_name": "BTC-26MAR21-22000-C", "index_price": 44646.05, "direction": "sell", "amount": 0.1}, {"trade_seq": 391, "trade_id": "126641278", "timestamp": 1612977035652, "tick_direction": 2, "price": 0.532, "mark_price": 0.53220759, "iv": 132.72, "instrument_name": "BTC-26MAR21-22000-C", "index_price": 44646.05, "direction": "sell", "amount": 0.1}, {"trade_seq": 390, "trade_id": "126360889", "timestamp": 1612883179336, "tick_direction": 1, "price": 0.5525, "mark_price": 0.55236645, "iv": 133.16, "instrument_name": "BTC-26MAR21-22000-C", "index_price": 46469.43, "direction": "sell", "amount": 0.1}, {"trade_seq": 389, "trade_id": "126360888", "timestamp": 1612883179295, "tick_direction": 0, "price": 0.5525, "mark_price": 0.55236645, "iv": 133.16, "instrument_name": "BTC-26MAR21-22000-C", "index_price": 46469.43, "direction": "sell", "amount": 0.3}, {"trade_seq": 388, "trade_id": "126329602", "timestamp": 1612875653894, "tick_direction": 0, "price": 0.541, "mark_price": 0.54105532, "iv": 133.75, "instrument_name": "BTC-26MAR21-22000-C", "index_price": 45167.44, "direction": "sell", "amount": 0.1}, {"trade_seq": 387, "trade_id": "124923215", "timestamp": 1612467974674, "tick_direction": 0, "price": 0.4475, "mark_price": 0.44640196, "iv": 121.45, "instrument_name": "BTC-26MAR21-22000-C", "index_price": 37287.82, "direction": "buy", "amount": 1.0}, {"trade_seq": 386, "trade_id": "124907171", "timestamp": 1612461251533, "tick_direction": 3, "price": 0.441, "mark_price": 0.44089814, "iv": 118.82, "instrument_name": "BTC-26MAR21-22000-C", "index_price": 36930.75, "direction": "sell", "amount": 0.1}, {"trade_seq": 385, "trade_id": "124907169", "timestamp": 1612461251049, "tick_direction": 3, "price": 0.441, "mark_price": 0.44089657, "iv": 118.83, "instrument_name": "BTC-26MAR21-22000-C", "index_price": 36925.13, "direction": "sell", "amount": 0.1}, {"trade_seq": 384, "trade_id": "124907165", "timestamp": 1612461250913, "tick_direction": 3, "price": 0.441, "mark_price": 0.44089657, "iv": 118.83, "instrument_name": "BTC-26MAR21-22000-C", "index_price": 36925.13, "direction": "sell", "amount": 0.2}, {"trade_seq": 383, "trade_id": "124907108", "timestamp": 1612461210706, "tick_direction": 2, "price": 0.441, "mark_price": 0.44111167, "iv": 118.37, "instrument_name": "BTC-26MAR21-22000-C", "index_price": 36935.73, "direction": "sell", "amount": 0.1}, {"trade_seq": 382, "trade_id": "124840042", "timestamp": 1612438863983, "tick_direction": 1, "price": 0.4525, "mark_price": 0.453366, "iv": 118.23, "instrument_name": "BTC-26MAR21-22000-C", "index_price": 37767.1, "direction": "buy", "amount": 0.6}, {"trade_seq": 381, "trade_id": "124840041", "timestamp": 1612438863975, "tick_direction": 1, "price": 0.4525, "mark_price": 0.453366, "iv": 118.23, "instrument_name": "BTC-26MAR21-22000-C", "index_price": 37767.1, "direction": "buy", "amount": 0.1}, {"trade_seq": 380, "trade_id": "124839940", "timestamp": 1612438824217, "tick_direction": 1, "price": 0.4525, "mark_price": 0.45340625, "iv": 118.17, "instrument_name": "BTC-26MAR21-22000-C", "index_price": 37764.29, "direction": "buy", "amount": 0.1}, {"trade_seq": 379, "trade_id": "124839939", "timestamp": 1612438821585, "tick_direction": 1, "price": 0.4525, "mark_price": 0.45338072, "iv": 118.2, "instrument_name": "BTC-26MAR21-22000-C", "index_price": 37763.19, "direction": "buy", "amount": 0.1}, {"trade_seq": 378, "trade_id": "124839938", "timestamp": 1612438821528, "tick_direction": 0, "price": 0.4525, "mark_price": 0.45338072, "iv": 118.2, "instrument_name": "BTC-26MAR21-22000-C", "index_price": 37763.19, "direction": "buy", "amount": 0.1}, {"trade_seq": 377, "trade_id": "124839834", "timestamp": 1612438758390, "tick_direction": 3, "price": 0.452, "mark_price": 0.45295846, "iv": 118.13, "instrument_name": "BTC-26MAR21-22000-C", "index_price": 37727.49, "direction": "buy", "amount": 0.1}, {"trade_seq": 376, "trade_id": "124839833", "timestamp": 1612438758336, "tick_direction": 3, "price": 0.452, "mark_price": 0.45295846, "iv": 118.13, "instrument_name": "BTC-26MAR21-22000-C", "index_price": 37727.49, "direction": "buy", "amount": 0.1}, {"trade_seq": 375, "trade_id": "124839808", "timestamp": 1612438751860, "tick_direction": 3, "price": 0.452, "mark_price": 0.45290379, "iv": 118.15, "instrument_name": "BTC-26MAR21-22000-C", "index_price": 37724.4, "direction": "buy", "amount": 0.3}, {"trade_seq": 374, "trade_id": "124839807", "timestamp": 1612438751772, "tick_direction": 3, "price": 0.452, "mark_price": 0.45290379, "iv": 118.23, "instrument_name": "BTC-26MAR21-22000-C", "index_price": 37724.4, "direction": "buy", "amount": 0.1}, {"trade_seq": 373, "trade_id": "124839806", "timestamp": 1612438751770, "tick_direction": 2, "price": 0.452, "mark_price": 0.45290379, "iv": 118.23, "instrument_name": "BTC-26MAR21-22000-C", "index_price": 37724.4, "direction": "buy", "amount": 0.4}, {"trade_seq": 372, "trade_id": "124772745", "timestamp": 1612420882144, "tick_direction": 1, "price": 0.4565, "mark_price": 0.45731427, "iv": 119.39, "instrument_name": "BTC-26MAR21-22000-C", "index_price": 38061.51, "direction": "buy", "amount": 0.3}, {"trade_seq": 371, "trade_id": "124772733", "timestamp": 1612420880954, "tick_direction": 1, "price": 0.4565, "mark_price": 0.45713007, "iv": 119.39, "instrument_name": "BTC-26MAR21-22000-C", "index_price": 38054.21, "direction": "buy", "amount": 0.1}, {"trade_seq": 370, "trade_id": "124772732", "timestamp": 1612420880117, "tick_direction": 1, "price": 0.4565, "mark_price": 0.45713007, "iv": 119.8, "instrument_name": "BTC-26MAR21-22000-C", "index_price": 38053.53, "direction": "buy", "amount": 0.1}, {"trade_seq": 369, "trade_id": "124772722", "timestamp": 1612420879995, "tick_direction": 1, "price": 0.4565, "mark_price": 0.45713007, "iv": 119.8, "instrument_name": "BTC-26MAR21-22000-C", "index_price": 38053.53, "direction": "buy", "amount": 0.2}, {"trade_seq": 368, "trade_id": "124772719", "timestamp": 1612420879857, "tick_direction": 1, "price": 0.4565, "mark_price": 0.45709517, "iv": 119.8, "instrument_name": "BTC-26MAR21-22000-C", "index_price": 38053.53, "direction": "buy", "amount": 0.1}, {"trade_seq": 367, "trade_id": "124772715", "timestamp": 1612420879390, "tick_direction": 1, "price": 0.4565, "mark_price": 0.45709517, "iv": 119.88, "instrument_name": "BTC-26MAR21-22000-C", "index_price": 38039.74, "direction": "buy", "amount": 0.1}, {"trade_seq": 366, "trade_id": "124772711", "timestamp": 1612420879287, "tick_direction": 1, "price": 0.4565, "mark_price": 0.45709517, "iv": 119.88, "instrument_name": "BTC-26MAR21-22000-C", "index_price": 38039.74, "direction": "buy", "amount": 0.1}, {"trade_seq": 365, "trade_id": "124772682", "timestamp": 1612420859070, "tick_direction": 1, "price": 0.4565, "mark_price": 0.45711408, "iv": 119.86, "instrument_name": "BTC-26MAR21-22000-C", "index_price": 38041.94, "direction": "buy", "amount": 0.1}, {"trade_seq": 364, "trade_id": "124772650", "timestamp": 1612420791123, "tick_direction": 1, "price": 0.4565, "mark_price": 0.45718866, "iv": 119.77, "instrument_name": "BTC-26MAR21-22000-C", "index_price": 38045.81, "direction": "buy", "amount": 0.1}, {"trade_seq": 363, "trade_id": "124772649", "timestamp": 1612420791007, "tick_direction": 1, "price": 0.4565, "mark_price": 0.45718866, "iv": 119.77, "instrument_name": "BTC-26MAR21-22000-C", "index_price": 38045.81, "direction": "buy", "amount": 0.1}, {"trade_seq": 362, "trade_id": "124772434", "timestamp": 1612420671645, "tick_direction": 1, "price": 0.4565, "mark_price": 0.45756537, "iv": 119.09, "instrument_name": "BTC-26MAR21-22000-C", "index_price": 38053.85, "direction": "buy", "amount": 0.2}, {"trade_seq": 361, "trade_id": "124772433", "timestamp": 1612420671511, "tick_direction": 1, "price": 0.4565, "mark_price": 0.45756537, "iv": 119.09, "instrument_name": "BTC-26MAR21-22000-C", "index_price": 38053.85, "direction": "buy", "amount": 0.1}, {"trade_seq": 360, "trade_id": "124772427", "timestamp": 1612420670852, "tick_direction": 1, "price": 0.4565, "mark_price": 0.45754522, "iv": 119.08, "instrument_name": "BTC-26MAR21-22000-C", "index_price": 38053.85, "direction": "buy", "amount": 0.1}, {"trade_seq": 359, "trade_id": "124772426", "timestamp": 1612420670806, "tick_direction": 1, "price": 0.4565, "mark_price": 0.45754522, "iv": 119.13, "instrument_name": "BTC-26MAR21-22000-C", "index_price": 38054.06, "direction": "buy", "amount": 0.3}, {"trade_seq": 358, "trade_id": "124772425", "timestamp": 1612420666526, "tick_direction": 1, "price": 0.4565, "mark_price": 0.45747279, "iv": 119.3, "instrument_name": "BTC-26MAR21-22000-C", "index_price": 38048.81, "direction": "buy", "amount": 0.1}, {"trade_seq": 357, "trade_id": "124772424", "timestamp": 1612420666396, "tick_direction": 0, "price": 0.4565, "mark_price": 0.45747279, "iv": 119.3, "instrument_name": "BTC-26MAR21-22000-C", "index_price": 38048.81, "direction": "buy", "amount": 0.9}, {"trade_seq": 356, "trade_id": "124772420", "timestamp": 1612420655735, "tick_direction": 0, "price": 0.4555, "mark_price": 0.45736038, "iv": 117.3, "instrument_name": "BTC-26MAR21-22000-C", "index_price": 38045.51, "direction": "buy", "amount": 1.0}, {"trade_seq": 355, "trade_id": "124636008", "timestamp": 1612367865311, "tick_direction": 1, "price": 0.445, "mark_price": 0.44541245, "iv": 118.33, "instrument_name": "BTC-26MAR21-22000-C", "index_price": 36962.75, "direction": "buy", "amount": 0.7}, {"trade_seq": 354, "trade_id": "124636007", "timestamp": 1612367865310, "tick_direction": 0, "price": 0.445, "mark_price": 0.44541245, "iv": 118.33, "instrument_name": "BTC-26MAR21-22000-C", "index_price": 36962.75, "direction": "buy", "amount": 0.3}, {"trade_seq": 353, "trade_id": "124635856", "timestamp": 1612367829766, "tick_direction": 0, "price": 0.4445, "mark_price": 0.4449566, "iv": 118.19, "instrument_name": "BTC-26MAR21-22000-C", "index_price": 36930.55, "direction": "buy", "amount": 1.0}, {"trade_seq": 352, "trade_id": "124635419", "timestamp": 1612367588530, "tick_direction": 1, "price": 0.444, "mark_price": 0.44413643, "iv": 118.91, "instrument_name": "BTC-26MAR21-22000-C", "index_price": 36877.22, "direction": "buy", "amount": 0.7}, {"trade_seq": 351, "trade_id": "124632832", "timestamp": 1612366475980, "tick_direction": 0, "price": 0.444, "mark_price": 0.44428831, "iv": 118.63, "instrument_name": "BTC-26MAR21-22000-C", "index_price": 36892.89, "direction": "buy", "amount": 0.3}, {"trade_seq": 350, "trade_id": "124632803", "timestamp": 1612366467430, "tick_direction": 2, "price": 0.443, "mark_price": 0.44442825, "iv": 116.6, "instrument_name": "BTC-26MAR21-22000-C", "index_price": 36892.78, "direction": "buy", "amount": 1.0}, {"trade_seq": 349, "trade_id": "124632589", "timestamp": 1612366430949, "tick_direction": 1, "price": 0.4445, "mark_price": 0.44535665, "iv": 117.65, "instrument_name": "BTC-26MAR21-22000-C", "index_price": 36946.12, "direction": "sell", "amount": 1.0}, {"trade_seq": 348, "trade_id": "124632536", "timestamp": 1612366425934, "tick_direction": 0, "price": 0.4445, "mark_price": 0.44526262, "iv": 117.74, "instrument_name": "BTC-26MAR21-22000-C", "index_price": 36942.63, "direction": "sell", "amount": 1.0}, {"trade_seq": 347, "trade_id": "124505309", "timestamp": 1612317516235, "tick_direction": 0, "price": 0.422, "mark_price": 0.42813997, "iv": 108.69, "instrument_name": "BTC-26MAR21-22000-C", "index_price": 35892.9, "direction": "sell", "amount": 0.2}, {"trade_seq": 346, "trade_id": "124410938", "timestamp": 1612279084965, "tick_direction": 0, "price": 0.415, "mark_price": 0.41455419, "iv": 118.44, "instrument_name": "BTC-26MAR21-22000-C", "index_price": 35095.86, "direction": "buy", "amount": 0.3}, {"trade_seq": 345, "trade_id": "124386750", "timestamp": 1612273168962, "tick_direction": 0, "price": 0.41, "mark_price": 0.41446453, "iv": 111.23, "instrument_name": "BTC-26MAR21-22000-C", "index_price": 34902.06, "direction": "buy", "amount": 0.3}, {"trade_seq": 344, "trade_id": "124213294", "timestamp": 1612209260217, "tick_direction": 3, "price": 0.3935, "mark_price": 0.39409828, "iv": 115.84, "instrument_name": "BTC-26MAR21-22000-C", "index_price": 33989.3, "direction": "sell", "amount": 0.1}, {"trade_seq": 343, "trade_id": "124213286", "timestamp": 1612209255909, "tick_direction": 2, "price": 0.3935, "mark_price": 0.39409129, "iv": 115.88, "instrument_name": "BTC-26MAR21-22000-C", "index_price": 33989.31, "direction": "sell", "amount": 0.1}, {"trade_seq": 342, "trade_id": "124196105", "timestamp": 1612202416141, "tick_direction": 2, "price": 0.397, "mark_price": 0.39634563, "iv": 119.6, "instrument_name": "BTC-26MAR21-22000-C", "index_price": 34016.12, "direction": "buy", "amount": 0.5}, {"trade_seq": 341, "trade_id": "124193607", "timestamp": 1612202248625, "tick_direction": 0, "price": 0.3975, "mark_price": 0.39679287, "iv": 119.78, "instrument_name": "BTC-26MAR21-22000-C", "index_price": 34039.94, "direction": "buy", "amount": 0.1}, {"trade_seq": 340, "trade_id": "124191120", "timestamp": 1612202031735, "tick_direction": 0, "price": 0.396, "mark_price": 0.39555561, "iv": 119.26, "instrument_name": "BTC-26MAR21-22000-C", "index_price": 33960.99, "direction": "buy", "amount": 0.1}, {"trade_seq": 339, "trade_id": "124042119", "timestamp": 1612157597332, "tick_direction": 3, "price": 0.3945, "mark_price": 0.39535075, "iv": 122.31, "instrument_name": "BTC-26MAR21-22000-C", "index_price": 33678.14, "direction": "buy", "amount": 0.1}, {"trade_seq": 338, "trade_id": "124042118", "timestamp": 1612157597293, "tick_direction": 3, "price": 0.3945, "mark_price": 0.39535075, "iv": 122.51, "instrument_name": "BTC-26MAR21-22000-C", "index_price": 33675.28, "direction": "buy", "amount": 0.1}, {"trade_seq": 337, "trade_id": "124042116", "timestamp": 1612157597021, "tick_direction": 3, "price": 0.3945, "mark_price": 0.39531139, "iv": 122.51, "instrument_name": "BTC-26MAR21-22000-C", "index_price": 33675.28, "direction": "buy", "amount": 0.1}, {"trade_seq": 336, "trade_id": "124042115", "timestamp": 1612157596858, "tick_direction": 3, "price": 0.3945, "mark_price": 0.39531139, "iv": 122.51, "instrument_name": "BTC-26MAR21-22000-C", "index_price": 33675.28, "direction": "buy", "amount": 0.2}, {"trade_seq": 335, "trade_id": "124042095", "timestamp": 1612157596290, "tick_direction": 3, "price": 0.3945, "mark_price": 0.39531139, "iv": 122.57, "instrument_name": "BTC-26MAR21-22000-C", "index_price": 33668.41, "direction": "buy", "amount": 0.1}, {"trade_seq": 334, "trade_id": "124042088", "timestamp": 1612157596135, "tick_direction": 3, "price": 0.3945, "mark_price": 0.3952196, "iv": 122.57, "instrument_name": "BTC-26MAR21-22000-C", "index_price": 33668.41, "direction": "buy", "amount": 0.2}, {"trade_seq": 333, "trade_id": "124042087", "timestamp": 1612157596020, "tick_direction": 3, "price": 0.3945, "mark_price": 0.3952196, "iv": 122.57, "instrument_name": "BTC-26MAR21-22000-C", "index_price": 33668.41, "direction": "buy", "amount": 0.1}, {"trade_seq": 332, "trade_id": "124042083", "timestamp": 1612157595878, "tick_direction": 2, "price": 0.3945, "mark_price": 0.3952196, "iv": 122.57, "instrument_name": "BTC-26MAR21-22000-C", "index_price": 33668.41, "direction": "buy", "amount": 0.1}, {"trade_seq": 331, "trade_id": "123885085", "timestamp": 1612096193217, "tick_direction": 3, "price": 0.398, "mark_price": 0.39791364, "iv": 122.22, "instrument_name": "BTC-26MAR21-22000-C", "index_price": 33939.04, "direction": "buy", "amount": 0.1}, {"trade_seq": 330, "trade_id": "123885084", "timestamp": 1612096193137, "tick_direction": 3, "price": 0.398, "mark_price": 0.39791364, "iv": 122.22, "instrument_name": "BTC-26MAR21-22000-C", "index_price": 33939.04, "direction": "buy", "amount": 0.1}, {"trade_seq": 329, "trade_id": "123885076", "timestamp": 1612096192930, "tick_direction": 3, "price": 0.398, "mark_price": 0.39791364, "iv": 122.22, "instrument_name": "BTC-26MAR21-22000-C", "index_price": 33939.04, "direction": "buy", "amount": 0.1}, {"trade_seq": 328, "trade_id": "123885075", "timestamp": 1612096192881, "tick_direction": 3, "price": 0.398, "mark_price": 0.39791364, "iv": 122.22, "instrument_name": "BTC-26MAR21-22000-C", "index_price": 33939.04, "direction": "buy", "amount": 0.2}, {"trade_seq": 327, "trade_id": "123885066", "timestamp": 1612096192559, "tick_direction": 3, "price": 0.398, "mark_price": 0.39791364, "iv": 122.22, "instrument_name": "BTC-26MAR21-22000-C", "index_price": 33939.04, "direction": "buy", "amount": 0.2}, {"trade_seq": 326, "trade_id": "123885056", "timestamp": 1612096191499, "tick_direction": 3, "price": 0.398, "mark_price": 0.39787121, "iv": 122.27, "instrument_name": "BTC-26MAR21-22000-C", "index_price": 33934.96, "direction": "buy", "amount": 0.1}, {"trade_seq": 325, "trade_id": "123885041", "timestamp": 1612096190792, "tick_direction": 3, "price": 0.398, "mark_price": 0.39783355, "iv": 122.32, "instrument_name": "BTC-26MAR21-22000-C", "index_price": 33932.46, "direction": "buy", "amount": 0.1}, {"trade_seq": 324, "trade_id": "123885037", "timestamp": 1612096189971, "tick_direction": 2, "price": 0.398, "mark_price": 0.39783098, "iv": 122.32, "instrument_name": "BTC-26MAR21-22000-C", "index_price": 33930.46, "direction": "buy", "amount": 0.1}, {"trade_seq": 323, "trade_id": "123508848", "timestamp": 1611953173143, "tick_direction": 0, "price": 0.4175, "mark_price": 0.417174, "iv": 127.89, "instrument_name": "BTC-26MAR21-22000-C", "index_price": 34672.41, "direction": "buy", "amount": 0.1}, {"trade_seq": 322, "trade_id": "123476036", "timestamp": 1611949703259, "tick_direction": 0, "price": 0.4045, "mark_price": 0.40482262, "iv": 127.21, "instrument_name": "BTC-26MAR21-22000-C", "index_price": 33714.89, "direction": "sell", "amount": 0.1}, {"trade_seq": 321, "trade_id": "123474105", "timestamp": 1611949632276, "tick_direction": 2, "price": 0.4035, "mark_price": 0.40407652, "iv": 126.88, "instrument_name": "BTC-26MAR21-22000-C", "index_price": 33710.42, "direction": "sell", "amount": 0.1}, {"trade_seq": 320, "trade_id": "123473797", "timestamp": 1611949624559, "tick_direction": 3, "price": 0.4055, "mark_price": 0.40409729, "iv": 128.41, "instrument_name": "BTC-26MAR21-22000-C", "index_price": 33769.02, "direction": "sell", "amount": 0.1}, {"trade_seq": 319, "trade_id": "123472560", "timestamp": 1611949606899, "tick_direction": 3, "price": 0.4055, "mark_price": 0.40573214, "iv": 127.17, "instrument_name": "BTC-26MAR21-22000-C", "index_price": 33845.74, "direction": "sell", "amount": 0.1}, {"trade_seq": 318, "trade_id": "123472360", "timestamp": 1611949603724, "tick_direction": 2, "price": 0.4055, "mark_price": 0.40584294, "iv": 127.02, "instrument_name": "BTC-26MAR21-22000-C", "index_price": 33848.96, "direction": "sell", "amount": 0.4}, {"trade_seq": 317, "trade_id": "123471908", "timestamp": 1611949597028, "tick_direction": 2, "price": 0.4065, "mark_price": 0.40738516, "iv": 126.53, "instrument_name": "BTC-26MAR21-22000-C", "index_price": 33917.36, "direction": "sell", "amount": 0.1}, {"trade_seq": 316, "trade_id": "123471373", "timestamp": 1611949574751, "tick_direction": 3, "price": 0.41, "mark_price": 0.41006409, "iv": 127.39, "instrument_name": "BTC-26MAR21-22000-C", "index_price": 34089.07, "direction": "sell", "amount": 0.1}, {"trade_seq": 315, "trade_id": "123471367", "timestamp": 1611949574600, "tick_direction": 3, "price": 0.41, "mark_price": 0.41004375, "iv": 127.38, "instrument_name": "BTC-26MAR21-22000-C", "index_price": 34086.03, "direction": "sell", "amount": 0.1}, {"trade_seq": 314, "trade_id": "123471274", "timestamp": 1611949566211, "tick_direction": 2, "price": 0.41, "mark_price": 0.41003601, "iv": 127.37, "instrument_name": "BTC-26MAR21-22000-C", "index_price": 34088.23, "direction": "sell", "amount": 0.1}, {"trade_seq": 313, "trade_id": "123463207", "timestamp": 1611949137223, "tick_direction": 2, "price": 0.4165, "mark_price": 0.41619812, "iv": 127.75, "instrument_name": "BTC-26MAR21-22000-C", "index_price": 34487.94, "direction": "buy", "amount": 0.2}, {"trade_seq": 312, "trade_id": "123385642", "timestamp": 1611939677534, "tick_direction": 2, "price": 0.441, "mark_price": 0.44080117, "iv": 130.9, "instrument_name": "BTC-26MAR21-22000-C", "index_price": 36139.21, "direction": "buy", "amount": 0.4}, {"trade_seq": 311, "trade_id": "123385641", "timestamp": 1611939677532, "tick_direction": 0, "price": 0.4415, "mark_price": 0.44080117, "iv": 131.64, "instrument_name": "BTC-26MAR21-22000-C", "index_price": 36139.21, "direction": "sell", "amount": 0.6}, {"trade_seq": 310, "trade_id": "123383358", "timestamp": 1611939442173, "tick_direction": 1, "price": 0.44, "mark_price": 0.43949771, "iv": 130.65, "instrument_name": "BTC-26MAR21-22000-C", "index_price": 36075.14, "direction": "buy", "amount": 0.1}, {"trade_seq": 309, "trade_id": "123383355", "timestamp": 1611939441883, "tick_direction": 1, "price": 0.44, "mark_price": 0.43949773, "iv": 130.65, "instrument_name": "BTC-26MAR21-22000-C", "index_price": 36075.14, "direction": "buy", "amount": 0.2}, {"trade_seq": 308, "trade_id": "123383348", "timestamp": 1611939441775, "tick_direction": 1, "price": 0.44, "mark_price": 0.43949773, "iv": 130.65, "instrument_name": "BTC-26MAR21-22000-C", "index_price": 36075.14, "direction": "buy", "amount": 0.1}, {"trade_seq": 307, "trade_id": "123383345", "timestamp": 1611939441388, "tick_direction": 1, "price": 0.44, "mark_price": 0.43949773, "iv": 130.65, "instrument_name": "BTC-26MAR21-22000-C", "index_price": 36075.14, "direction": "buy", "amount": 0.2}, {"trade_seq": 306, "trade_id": "123383343", "timestamp": 1611939441350, "tick_direction": 1, "price": 0.44, "mark_price": 0.43949773, "iv": 130.65, "instrument_name": "BTC-26MAR21-22000-C", "index_price": 36075.14, "direction": "buy", "amount": 0.2}, {"trade_seq": 305, "trade_id": "123383339", "timestamp": 1611939441010, "tick_direction": 1, "price": 0.44, "mark_price": 0.43946289, "iv": 130.65, "instrument_name": "BTC-26MAR21-22000-C", "index_price": 36071.54, "direction": "buy", "amount": 0.1}, {"trade_seq": 304, "trade_id": "123383332", "timestamp": 1611939440883, "tick_direction": 1, "price": 0.44, "mark_price": 0.43946289, "iv": 130.65, "instrument_name": "BTC-26MAR21-22000-C", "index_price": 36071.54, "direction": "buy", "amount": 0.2}, {"trade_seq": 303, "trade_id": "123383328", "timestamp": 1611939440387, "tick_direction": 1, "price": 0.44, "mark_price": 0.43946289, "iv": 130.66, "instrument_name": "BTC-26MAR21-22000-C", "index_price": 36071.54, "direction": "buy", "amount": 0.1}, {"trade_seq": 302, "trade_id": "123383322", "timestamp": 1611939440121, "tick_direction": 1, "price": 0.44, "mark_price": 0.43946289, "iv": 130.71, "instrument_name": "BTC-26MAR21-22000-C", "index_price": 36071.27, "direction": "buy", "amount": 0.1}, {"trade_seq": 301, "trade_id": "123383315", "timestamp": 1611939439695, "tick_direction": 0, "price": 0.44, "mark_price": 0.43946966, "iv": 130.71, "instrument_name": "BTC-26MAR21-22000-C", "index_price": 36071.27, "direction": "buy", "amount": 0.1}, {"trade_seq": 300, "trade_id": "123383303", "timestamp": 1611939438259, "tick_direction": 1, "price": 0.4395, "mark_price": 0.43951454, "iv": 129.96, "instrument_name": "BTC-26MAR21-22000-C", "index_price": 36068.11, "direction": "buy", "amount": 0.1}, {"trade_seq": 299, "trade_id": "123383299", "timestamp": 1611939438034, "tick_direction": 1, "price": 0.4395, "mark_price": 0.43951454, "iv": 129.89, "instrument_name": "BTC-26MAR21-22000-C", "index_price": 36070.85, "direction": "buy", "amount": 0.1}, {"trade_seq": 298, "trade_id": "123383295", "timestamp": 1611939437871, "tick_direction": 1, "price": 0.4395, "mark_price": 0.43958159, "iv": 129.89, "instrument_name": "BTC-26MAR21-22000-C", "index_price": 36070.85, "direction": "buy", "amount": 0.2}, {"trade_seq": 297, "trade_id": "123383263", "timestamp": 1611939427581, "tick_direction": 0, "price": 0.4395, "mark_price": 0.4395072, "iv": 130.0, "instrument_name": "BTC-26MAR21-22000-C", "index_price": 36062.3, "direction": "buy", "amount": 0.3}, {"trade_seq": 296, "trade_id": "123383222", "timestamp": 1611939420223, "tick_direction": 1, "price": 0.439, "mark_price": 0.43957686, "iv": 129.0, "instrument_name": "BTC-26MAR21-22000-C", "index_price": 36057.57, "direction": "buy", "amount": 0.3}, {"trade_seq": 295, "trade_id": "123383221", "timestamp": 1611939420216, "tick_direction": 1, "price": 0.439, "mark_price": 0.43957686, "iv": 129.0, "instrument_name": "BTC-26MAR21-22000-C", "index_price": 36057.57, "direction": "buy", "amount": 0.6}, {"trade_seq": 294, "trade_id": "123383181", "timestamp": 1611939412610, "tick_direction": 0, "price": 0.439, "mark_price": 0.43947389, "iv": 129.22, "instrument_name": "BTC-26MAR21-22000-C", "index_price": 36045.65, "direction": "buy", "amount": 0.6}, {"trade_seq": 293, "trade_id": "123383086", "timestamp": 1611939401520, "tick_direction": 2, "price": 0.4385, "mark_price": 0.43875825, "iv": 129.54, "instrument_name": "BTC-26MAR21-22000-C", "index_price": 35984.45, "direction": "buy", "amount": 0.6}, {"trade_seq": 292, "trade_id": "123371989", "timestamp": 1611938440430, "tick_direction": 1, "price": 0.4505, "mark_price": 0.4518723, "iv": 129.43, "instrument_name": "BTC-26MAR21-22000-C", "index_price": 36921.92, "direction": "buy", "amount": 0.1}, {"trade_seq": 291, "trade_id": "123371988", "timestamp": 1611938440185, "tick_direction": 0, "price": 0.4505, "mark_price": 0.4518723, "iv": 129.43, "instrument_name": "BTC-26MAR21-22000-C", "index_price": 36921.92, "direction": "buy", "amount": 0.1}, {"trade_seq": 290, "trade_id": "123371197", "timestamp": 1611938247824, "tick_direction": 0, "price": 0.446, "mark_price": 0.45052151, "iv": 124.79, "instrument_name": "BTC-26MAR21-22000-C", "index_price": 36796.51, "direction": "sell", "amount": 1.0}, {"trade_seq": 289, "trade_id": "123371170", "timestamp": 1611938239545, "tick_direction": 2, "price": 0.4455, "mark_price": 0.45036461, "iv": 124.26, "instrument_name": "BTC-26MAR21-22000-C", "index_price": 36778.51, "direction": "sell", "amount": 1.0}, {"trade_seq": 288, "trade_id": "123370807", "timestamp": 1611938161563, "tick_direction": 1, "price": 0.45, "mark_price": 0.45133544, "iv": 130.09, "instrument_name": "BTC-26MAR21-22000-C", "index_price": 36859.52, "direction": "buy", "amount": 0.1}, {"trade_seq": 287, "trade_id": "123370783", "timestamp": 1611938156295, "tick_direction": 1, "price": 0.45, "mark_price": 0.45131806, "iv": 129.94, "instrument_name": "BTC-26MAR21-22000-C", "index_price": 36857.82, "direction": "buy", "amount": 0.1}, {"trade_seq": 286, "trade_id": "123370777", "timestamp": 1611938155826, "tick_direction": 1, "price": 0.45, "mark_price": 0.45136466, "iv": 130.14, "instrument_name": "BTC-26MAR21-22000-C", "index_price": 36862.93, "direction": "buy", "amount": 0.1}, {"trade_seq": 285, "trade_id": "123370776", "timestamp": 1611938155562, "tick_direction": 1, "price": 0.45, "mark_price": 0.45136466, "iv": 130.14, "instrument_name": "BTC-26MAR21-22000-C", "index_price": 36862.93, "direction": "buy", "amount": 0.1}, {"trade_seq": 284, "trade_id": "123370775", "timestamp": 1611938155281, "tick_direction": 1, "price": 0.45, "mark_price": 0.45136466, "iv": 130.14, "instrument_name": "BTC-26MAR21-22000-C", "index_price": 36862.93, "direction": "buy", "amount": 0.2}, {"trade_seq": 283, "trade_id": "123370773", "timestamp": 1611938154883, "tick_direction": 1, "price": 0.45, "mark_price": 0.45136466, "iv": 130.07, "instrument_name": "BTC-26MAR21-22000-C", "index_price": 36846.51, "direction": "buy", "amount": 0.1}, {"trade_seq": 282, "trade_id": "123370758", "timestamp": 1611938152696, "tick_direction": 0, "price": 0.45, "mark_price": 0.45081919, "iv": 130.56, "instrument_name": "BTC-26MAR21-22000-C", "index_price": 36835.66, "direction": "buy", "amount": 0.3}, {"trade_seq": 281, "trade_id": "123370667", "timestamp": 1611938146566, "tick_direction": 1, "price": 0.449, "mark_price": 0.45017684, "iv": 130.18, "instrument_name": "BTC-26MAR21-22000-C", "index_price": 36764.9, "direction": "buy", "amount": 0.1}, {"trade_seq": 280, "trade_id": "123370666", "timestamp": 1611938146175, "tick_direction": 1, "price": 0.449, "mark_price": 0.45017684, "iv": 130.18, "instrument_name": "BTC-26MAR21-22000-C", "index_price": 36764.9, "direction": "buy", "amount": 0.2}, {"trade_seq": 279, "trade_id": "123370630", "timestamp": 1611938144223, "tick_direction": 1, "price": 0.449, "mark_price": 0.44996755, "iv": 130.68, "instrument_name": "BTC-26MAR21-22000-C", "index_price": 36748.24, "direction": "buy", "amount": 0.2}, {"trade_seq": 278, "trade_id": "123370629", "timestamp": 1611938143685, "tick_direction": 1, "price": 0.449, "mark_price": 0.44993421, "iv": 130.74, "instrument_name": "BTC-26MAR21-22000-C", "index_price": 36734.43, "direction": "buy", "amount": 0.1}, {"trade_seq": 277, "trade_id": "123370628", "timestamp": 1611938143590, "tick_direction": 1, "price": 0.449, "mark_price": 0.44993421, "iv": 130.74, "instrument_name": "BTC-26MAR21-22000-C", "index_price": 36734.43, "direction": "buy", "amount": 0.2}, {"trade_seq": 276, "trade_id": "123370625", "timestamp": 1611938143446, "tick_direction": 1, "price": 0.449, "mark_price": 0.44993421, "iv": 130.74, "instrument_name": "BTC-26MAR21-22000-C", "index_price": 36734.43, "direction": "buy", "amount": 0.1}, {"trade_seq": 275, "trade_id": "123370514", "timestamp": 1611938125861, "tick_direction": 0, "price": 0.449, "mark_price": 0.44973027, "iv": 131.15, "instrument_name": "BTC-26MAR21-22000-C", "index_price": 36719.72, "direction": "buy", "amount": 0.1}, {"trade_seq": 274, "trade_id": "123370276", "timestamp": 1611938095931, "tick_direction": 0, "price": 0.4485, "mark_price": 0.45075931, "iv": 128.84, "instrument_name": "BTC-26MAR21-22000-C", "index_price": 36792.14, "direction": "buy", "amount": 1.0}, {"trade_seq": 273, "trade_id": "123370177", "timestamp": 1611938086951, "tick_direction": 2, "price": 0.4475, "mark_price": 0.45043153, "iv": 127.81, "instrument_name": "BTC-26MAR21-22000-C", "index_price": 36757.31, "direction": "buy", "amount": 1.0}, {"trade_seq": 272, "trade_id": "123369475", "timestamp": 1611938065617, "tick_direction": 0, "price": 0.449, "mark_price": 0.45267402, "iv": 126.73, "instrument_name": "BTC-26MAR21-22000-C", "index_price": 36922.32, "direction": "buy", "amount": 1.0}, {"trade_seq": 271, "trade_id": "123369389", "timestamp": 1611938058622, "tick_direction": 2, "price": 0.447, "mark_price": 0.4527867, "iv": 123.13, "instrument_name": "BTC-26MAR21-22000-C", "index_price": 36948.88, "direction": "buy", "amount": 1.0}, {"trade_seq": 270, "trade_id": "123369337", "timestamp": 1611938051689, "tick_direction": 1, "price": 0.448, "mark_price": 0.45334543, "iv": 124.12, "instrument_name": "BTC-26MAR21-22000-C", "index_price": 36968.07, "direction": "buy", "amount": 1.0}, {"trade_seq": 269, "trade_id": "123369319", "timestamp": 1611938045903, "tick_direction": 0, "price": 0.448, "mark_price": 0.45361386, "iv": 123.56, "instrument_name": "BTC-26MAR21-22000-C", "index_price": 36992.93, "direction": "buy", "amount": 1.0}, {"trade_seq": 268, "trade_id": "123369286", "timestamp": 1611938039382, "tick_direction": 0, "price": 0.4465, "mark_price": 0.4538835, "iv": 120.28, "instrument_name": "BTC-26MAR21-22000-C", "index_price": 37027.52, "direction": "buy", "amount": 1.0}, {"trade_seq": 267, "trade_id": "123369282", "timestamp": 1611938034228, "tick_direction": 0, "price": 0.4455, "mark_price": 0.45408316, "iv": 118.16, "instrument_name": "BTC-26MAR21-22000-C", "index_price": 37045.02, "direction": "sell", "amount": 1.0}, {"trade_seq": 266, "trade_id": "123369272", "timestamp": 1611938025655, "tick_direction": 0, "price": 0.445, "mark_price": 0.4541496, "iv": 117.17, "instrument_name": "BTC-26MAR21-22000-C", "index_price": 37045.12, "direction": "buy", "amount": 1.0}, {"trade_seq": 265, "trade_id": "123369268", "timestamp": 1611938019958, "tick_direction": 0, "price": 0.444, "mark_price": 0.4540656, "iv": 115.45, "instrument_name": "BTC-26MAR21-22000-C", "index_price": 37043.9, "direction": "buy", "amount": 1.0}, {"trade_seq": 264, "trade_id": "123369251", "timestamp": 1611938005932, "tick_direction": 0, "price": 0.44, "mark_price": 0.45415203, "iv": 107.4, "instrument_name": "BTC-26MAR21-22000-C", "index_price": 37053.89, "direction": "buy", "amount": 1.0}, {"trade_seq": 263, "trade_id": "122681986", "timestamp": 1611847493659, "tick_direction": 1, "price": 0.371, "mark_price": 0.37195015, "iv": 121.33, "instrument_name": "BTC-26MAR21-22000-C", "index_price": 32110.92, "direction": "buy", "amount": 0.4}, {"trade_seq": 262, "trade_id": "122681981", "timestamp": 1611847493255, "tick_direction": 1, "price": 0.371, "mark_price": 0.37186149, "iv": 121.33, "instrument_name": "BTC-26MAR21-22000-C", "index_price": 32110.92, "direction": "buy", "amount": 0.2}, {"trade_seq": 261, "trade_id": "122681978", "timestamp": 1611847493126, "tick_direction": 1, "price": 0.371, "mark_price": 0.37186149, "iv": 121.33, "instrument_name": "BTC-26MAR21-22000-C", "index_price": 32110.92, "direction": "buy", "amount": 0.2}, {"trade_seq": 260, "trade_id": "122681977", "timestamp": 1611847492948, "tick_direction": 1, "price": 0.371, "mark_price": 0.37186149, "iv": 121.33, "instrument_name": "BTC-26MAR21-22000-C", "index_price": 32110.92, "direction": "buy", "amount": 0.2}, {"trade_seq": 259, "trade_id": "122681883", "timestamp": 1611847458306, "tick_direction": 0, "price": 0.371, "mark_price": 0.37175679, "iv": 121.45, "instrument_name": "BTC-26MAR21-22000-C", "index_price": 32103.68, "direction": "buy", "amount": 1.0}, {"trade_seq": 258, "trade_id": "122681848", "timestamp": 1611847443048, "tick_direction": 0, "price": 0.37, "mark_price": 0.37178224, "iv": 120.34, "instrument_name": "BTC-26MAR21-22000-C", "index_price": 32103.39, "direction": "buy", "amount": 1.0}, {"trade_seq": 257, "trade_id": "122363399", "timestamp": 1611759699579, "tick_direction": 0, "price": 0.329, "mark_price": 0.32202813, "iv": 118.19, "instrument_name": "BTC-26MAR21-22000-C", "index_price": 29670.62, "direction": "sell", "amount": 7.9}, {"trade_seq": 256, "trade_id": "122356536", "timestamp": 1611759212925, "tick_direction": 0, "price": 0.324, "mark_price": 0.31370456, "iv": 119.94, "instrument_name": "BTC-26MAR21-22000-C", "index_price": 29290.71, "direction": "sell", "amount": 3.9}, {"trade_seq": 255, "trade_id": "122356300", "timestamp": 1611759206860, "tick_direction": 2, "price": 0.315, "mark_price": 0.31289312, "iv": 112.41, "instrument_name": "BTC-26MAR21-22000-C", "index_price": 29243.47, "direction": "sell", "amount": 0.3}, {"trade_seq": 254, "trade_id": "122344540", "timestamp": 1611758653125, "tick_direction": 0, "price": 0.3245, "mark_price": 0.31727591, "iv": 116.7, "instrument_name": "BTC-26MAR21-22000-C", "index_price": 29528.85, "direction": "sell", "amount": 1.4}, {"trade_seq": 253, "trade_id": "122343851", "timestamp": 1611758635824, "tick_direction": 3, "price": 0.3185, "mark_price": 0.31688691, "iv": 111.3, "instrument_name": "BTC-26MAR21-22000-C", "index_price": 29512.28, "direction": "sell", "amount": 1.7}, {"trade_seq": 252, "trade_id": "122343850", "timestamp": 1611758635802, "tick_direction": 3, "price": 0.3185, "mark_price": 0.31688691, "iv": 111.3, "instrument_name": "BTC-26MAR21-22000-C", "index_price": 29512.28, "direction": "sell", "amount": 0.1}, {"trade_seq": 251, "trade_id": "122343849", "timestamp": 1611758635674, "tick_direction": 2, "price": 0.3185, "mark_price": 0.31688691, "iv": 111.3, "instrument_name": "BTC-26MAR21-22000-C", "index_price": 29512.28, "direction": "sell", "amount": 0.1}, {"trade_seq": 250, "trade_id": "122339185", "timestamp": 1611758344411, "tick_direction": 0, "price": 0.3415, "mark_price": 0.31896615, "iv": 130.65, "instrument_name": "BTC-26MAR21-22000-C", "index_price": 29650.34, "direction": "sell", "amount": 2.3}, {"trade_seq": 249, "trade_id": "122337756", "timestamp": 1611758267300, "tick_direction": 3, "price": 0.3205, "mark_price": 0.31936078, "iv": 110.61, "instrument_name": "BTC-26MAR21-22000-C", "index_price": 29660.58, "direction": "sell", "amount": 0.1}, {"trade_seq": 248, "trade_id": "122337652", "timestamp": 1611758262861, "tick_direction": 3, "price": 0.3205, "mark_price": 0.31992148, "iv": 110.06, "instrument_name": "BTC-26MAR21-22000-C", "index_price": 29682.59, "direction": "sell", "amount": 0.1}, {"trade_seq": 247, "trade_id": "122337648", "timestamp": 1611758262608, "tick_direction": 3, "price": 0.3205, "mark_price": 0.31992704, "iv": 110.06, "instrument_name": "BTC-26MAR21-22000-C", "index_price": 29682.59, "direction": "sell", "amount": 0.1}, {"trade_seq": 246, "trade_id": "122337644", "timestamp": 1611758262531, "tick_direction": 3, "price": 0.3205, "mark_price": 0.31992704, "iv": 110.06, "instrument_name": "BTC-26MAR21-22000-C", "index_price": 29682.59, "direction": "sell", "amount": 0.1}, {"trade_seq": 245, "trade_id": "122337635", "timestamp": 1611758262393, "tick_direction": 3, "price": 0.3205, "mark_price": 0.31992704, "iv": 110.06, "instrument_name": "BTC-26MAR21-22000-C", "index_price": 29690.56, "direction": "sell", "amount": 0.3}, {"trade_seq": 244, "trade_id": "122337627", "timestamp": 1611758262261, "tick_direction": 3, "price": 0.3205, "mark_price": 0.31992704, "iv": 110.06, "instrument_name": "BTC-26MAR21-22000-C", "index_price": 29690.56, "direction": "sell", "amount": 0.3}, {"trade_seq": 243, "trade_id": "122337587", "timestamp": 1611758261910, "tick_direction": 2, "price": 0.3205, "mark_price": 0.31992704, "iv": 110.06, "instrument_name": "BTC-26MAR21-22000-C", "index_price": 29690.56, "direction": "sell", "amount": 0.2}, {"trade_seq": 242, "trade_id": "121975621", "timestamp": 1611650948376, "tick_direction": 0, "price": 0.365, "mark_price": 0.35721972, "iv": 115.73, "instrument_name": "BTC-26MAR21-22000-C", "index_price": 31798.34, "direction": "buy", "amount": 1.5}, {"trade_seq": 241, "trade_id": "121940839", "timestamp": 1611643511492, "tick_direction": 2, "price": 0.3545, "mark_price": 0.35404647, "iv": 108.88, "instrument_name": "BTC-26MAR21-22000-C", "index_price": 31510.7, "direction": "sell", "amount": 1.3}, {"trade_seq": 240, "trade_id": "121893586", "timestamp": 1611631580352, "tick_direction": 3, "price": 0.3635, "mark_price": 0.3631021, "iv": 109.72, "instrument_name": "BTC-26MAR21-22000-C", "index_price": 31900.34, "direction": "sell", "amount": 0.8}, {"trade_seq": 239, "trade_id": "121893585", "timestamp": 1611631580337, "tick_direction": 3, "price": 0.3635, "mark_price": 0.3631021, "iv": 109.72, "instrument_name": "BTC-26MAR21-22000-C", "index_price": 31900.34, "direction": "sell", "amount": 0.1}, {"trade_seq": 238, "trade_id": "121893584", "timestamp": 1611631580213, "tick_direction": 3, "price": 0.3635, "mark_price": 0.36340064, "iv": 109.72, "instrument_name": "BTC-26MAR21-22000-C", "index_price": 31900.34, "direction": "sell", "amount": 0.1}, {"trade_seq": 237, "trade_id": "121893579", "timestamp": 1611631580087, "tick_direction": 3, "price": 0.3635, "mark_price": 0.36340064, "iv": 109.72, "instrument_name": "BTC-26MAR21-22000-C", "index_price": 31900.34, "direction": "sell", "amount": 0.1}, {"trade_seq": 236, "trade_id": "121893577", "timestamp": 1611631580006, "tick_direction": 3, "price": 0.3635, "mark_price": 0.36340064, "iv": 109.72, "instrument_name": "BTC-26MAR21-22000-C", "index_price": 31900.34, "direction": "sell", "amount": 0.1}, {"trade_seq": 235, "trade_id": "121893543", "timestamp": 1611631578953, "tick_direction": 3, "price": 0.3635, "mark_price": 0.36342813, "iv": 109.37, "instrument_name": "BTC-26MAR21-22000-C", "index_price": 31904.1, "direction": "sell", "amount": 0.1}, {"trade_seq": 234, "trade_id": "121893542", "timestamp": 1611631578870, "tick_direction": 3, "price": 0.3635, "mark_price": 0.36342813, "iv": 109.37, "instrument_name": "BTC-26MAR21-22000-C", "index_price": 31904.1, "direction": "sell", "amount": 0.1}, {"trade_seq": 233, "trade_id": "121893541", "timestamp": 1611631578819, "tick_direction": 3, "price": 0.3635, "mark_price": 0.36342813, "iv": 109.37, "instrument_name": "BTC-26MAR21-22000-C", "index_price": 31904.1, "direction": "sell", "amount": 0.2}, {"trade_seq": 232, "trade_id": "121893525", "timestamp": 1611631578574, "tick_direction": 3, "price": 0.3635, "mark_price": 0.36342813, "iv": 109.36, "instrument_name": "BTC-26MAR21-22000-C", "index_price": 31922.93, "direction": "sell", "amount": 0.1}, {"trade_seq": 231, "trade_id": "121893514", "timestamp": 1611631578451, "tick_direction": 3, "price": 0.3635, "mark_price": 0.36342813, "iv": 109.36, "instrument_name": "BTC-26MAR21-22000-C", "index_price": 31922.93, "direction": "sell", "amount": 0.1}, {"trade_seq": 230, "trade_id": "121893466", "timestamp": 1611631575059, "tick_direction": 3, "price": 0.3635, "mark_price": 0.36355289, "iv": 109.26, "instrument_name": "BTC-26MAR21-22000-C", "index_price": 31924.87, "direction": "sell", "amount": 0.1}, {"trade_seq": 229, "trade_id": "121893465", "timestamp": 1611631574957, "tick_direction": 2, "price": 0.3635, "mark_price": 0.36355289, "iv": 109.26, "instrument_name": "BTC-26MAR21-22000-C", "index_price": 31924.87, "direction": "sell", "amount": 0.1}, {"trade_seq": 228, "trade_id": "121812195", "timestamp": 1611610296287, "tick_direction": 0, "price": 0.4015, "mark_price": 0.37181466, "iv": 141.45, "instrument_name": "BTC-26MAR21-22000-C", "index_price": 32351.04, "direction": "buy", "amount": 0.1}, {"trade_seq": 227, "trade_id": "121805437", "timestamp": 1611609729886, "tick_direction": 1, "price": 0.378, "mark_price": 0.37720612, "iv": 109.88, "instrument_name": "BTC-26MAR21-22000-C", "index_price": 32662.62, "direction": "sell", "amount": 3.4}, {"trade_seq": 226, "trade_id": "121805312", "timestamp": 1611609728521, "tick_direction": 1, "price": 0.378, "mark_price": 0.37758812, "iv": 109.67, "instrument_name": "BTC-26MAR21-22000-C", "index_price": 32659.81, "direction": "sell", "amount": 0.1}, {"trade_seq": 225, "trade_id": "121805307", "timestamp": 1611609728418, "tick_direction": 1, "price": 0.378, "mark_price": 0.37758812, "iv": 109.67, "instrument_name": "BTC-26MAR21-22000-C", "index_price": 32659.81, "direction": "sell", "amount": 0.3}, {"trade_seq": 224, "trade_id": "121805287", "timestamp": 1611609728215, "tick_direction": 1, "price": 0.378, "mark_price": 0.37764473, "iv": 109.2, "instrument_name": "BTC-26MAR21-22000-C", "index_price": 32671.27, "direction": "sell", "amount": 0.2}, {"trade_seq": 223, "trade_id": "121805274", "timestamp": 1611609727957, "tick_direction": 1, "price": 0.378, "mark_price": 0.37764473, "iv": 109.2, "instrument_name": "BTC-26MAR21-22000-C", "index_price": 32671.27, "direction": "sell", "amount": 0.3}, {"trade_seq": 222, "trade_id": "121805253", "timestamp": 1611609727461, "tick_direction": 1, "price": 0.378, "mark_price": 0.37764473, "iv": 109.2, "instrument_name": "BTC-26MAR21-22000-C", "index_price": 32671.27, "direction": "sell", "amount": 0.1}, {"trade_seq": 221, "trade_id": "121805228", "timestamp": 1611609727055, "tick_direction": 1, "price": 0.378, "mark_price": 0.37807196, "iv": 109.12, "instrument_name": "BTC-26MAR21-22000-C", "index_price": 32693.23, "direction": "sell", "amount": 0.1}, {"trade_seq": 220, "trade_id": "121805170", "timestamp": 1611609726477, "tick_direction": 1, "price": 0.378, "mark_price": 0.37807196, "iv": 109.12, "instrument_name": "BTC-26MAR21-22000-C", "index_price": 32693.23, "direction": "sell", "amount": 0.1}, {"trade_seq": 219, "trade_id": "121805128", "timestamp": 1611609726014, "tick_direction": 0, "price": 0.378, "mark_price": 0.37886051, "iv": 108.58, "instrument_name": "BTC-26MAR21-22000-C", "index_price": 32718.35, "direction": "sell", "amount": 0.4}, {"trade_seq": 218, "trade_id": "121319818", "timestamp": 1611436822116, "tick_direction": 3, "price": 0.372, "mark_price": 0.37249706, "iv": 109.1, "instrument_name": "BTC-26MAR21-22000-C", "index_price": 32266.31, "direction": "buy", "amount": 0.1}, {"trade_seq": 217, "trade_id": "121319802", "timestamp": 1611436821906, "tick_direction": 3, "price": 0.372, "mark_price": 0.37249706, "iv": 109.1, "instrument_name": "BTC-26MAR21-22000-C", "index_price": 32266.31, "direction": "buy", "amount": 0.1}, {"trade_seq": 216, "trade_id": "121319799", "timestamp": 1611436821820, "tick_direction": 3, "price": 0.372, "mark_price": 0.37249706, "iv": 109.1, "instrument_name": "BTC-26MAR21-22000-C", "index_price": 32266.31, "direction": "buy", "amount": 0.1}, {"trade_seq": 215, "trade_id": "121317995", "timestamp": 1611435086505, "tick_direction": 3, "price": 0.372, "mark_price": 0.37220359, "iv": 109.41, "instrument_name": "BTC-26MAR21-22000-C", "index_price": 32241.39, "direction": "buy", "amount": 0.1}, {"trade_seq": 214, "trade_id": "121317942", "timestamp": 1611435049792, "tick_direction": 3, "price": 0.372, "mark_price": 0.37202293, "iv": 109.61, "instrument_name": "BTC-26MAR21-22000-C", "index_price": 32240.62, "direction": "buy", "amount": 0.1}, {"trade_seq": 213, "trade_id": "121317941", "timestamp": 1611435049681, "tick_direction": 2, "price": 0.372, "mark_price": 0.37202293, "iv": 109.61, "instrument_name": "BTC-26MAR21-22000-C", "index_price": 32240.62, "direction": "buy", "amount": 0.1}, {"trade_seq": 212, "trade_id": "121202154", "timestamp": 1611392329580, "tick_direction": 1, "price": 0.3815, "mark_price": 0.38272078, "iv": 107.84, "instrument_name": "BTC-26MAR21-22000-C", "index_price": 32936.22, "direction": "buy", "amount": 0.3}, {"trade_seq": 211, "trade_id": "121202140", "timestamp": 1611392328684, "tick_direction": 0, "price": 0.3815, "mark_price": 0.38272078, "iv": 107.84, "instrument_name": "BTC-26MAR21-22000-C", "index_price": 32936.22, "direction": "buy", "amount": 0.2}, {"trade_seq": 210, "trade_id": "120866485", "timestamp": 1611304134118, "tick_direction": 2, "price": 0.3525, "mark_price": 0.35555171, "iv": 113.73, "instrument_name": "BTC-26MAR21-22000-C", "index_price": 30789.29, "direction": "sell", "amount": 0.1}, {"trade_seq": 209, "trade_id": "120634648", "timestamp": 1611270691826, "tick_direction": 3, "price": 0.37, "mark_price": 0.35724603, "iv": 127.38, "instrument_name": "BTC-26MAR21-22000-C", "index_price": 31115.45, "direction": "sell", "amount": 0.6}, {"trade_seq": 208, "trade_id": "120412851", "timestamp": 1611239761741, "tick_direction": 3, "price": 0.37, "mark_price": 0.36993786, "iv": 118.95, "instrument_name": "BTC-26MAR21-22000-C", "index_price": 31515.39, "direction": "sell", "amount": 0.2}, {"trade_seq": 207, "trade_id": "120408739", "timestamp": 1611239418804, "tick_direction": 3, "price": 0.37, "mark_price": 0.36974141, "iv": 119.15, "instrument_name": "BTC-26MAR21-22000-C", "index_price": 31495.66, "direction": "sell", "amount": 0.1}, {"trade_seq": 206, "trade_id": "120408716", "timestamp": 1611239417727, "tick_direction": 3, "price": 0.37, "mark_price": 0.3699524, "iv": 119.05, "instrument_name": "BTC-26MAR21-22000-C", "index_price": 31500.9, "direction": "sell", "amount": 0.1}, {"trade_seq": 205, "trade_id": "120407488", "timestamp": 1611239332308, "tick_direction": 2, "price": 0.37, "mark_price": 0.3699009, "iv": 118.88, "instrument_name": "BTC-26MAR21-22000-C", "index_price": 31518.36, "direction": "sell", "amount": 0.1}, {"trade_seq": 204, "trade_id": "119931666", "timestamp": 1611138092457, "tick_direction": 2, "price": 0.4265, "mark_price": 0.42702416, "iv": 127.0, "instrument_name": "BTC-26MAR21-22000-C", "index_price": 34732.4, "direction": "sell", "amount": 0.1}, {"trade_seq": 203, "trade_id": "118803010", "timestamp": 1610808134986, "tick_direction": 3, "price": 0.473, "mark_price": 0.47176019, "iv": 137.51, "instrument_name": "BTC-26MAR21-22000-C", "index_price": 37106.64, "direction": "buy", "amount": 0.1}, {"trade_seq": 202, "trade_id": "118803009", "timestamp": 1610808134792, "tick_direction": 2, "price": 0.473, "mark_price": 0.47176019, "iv": 137.51, "instrument_name": "BTC-26MAR21-22000-C", "index_price": 37106.64, "direction": "buy", "amount": 0.1}, {"trade_seq": 201, "trade_id": "118048269", "timestamp": 1610612423682, "tick_direction": 0, "price": 0.5005, "mark_price": 0.4883899, "iv": 149.62, "instrument_name": "BTC-26MAR21-22000-C", "index_price": 38557.04, "direction": "sell", "amount": 0.1}, {"trade_seq": 200, "trade_id": "117218620", "timestamp": 1610433123073, "tick_direction": 2, "price": 0.455, "mark_price": 0.45225436, "iv": 124.65, "instrument_name": "BTC-26MAR21-22000-C", "index_price": 36291.82, "direction": "sell", "amount": 2.0}, {"trade_seq": 199, "trade_id": "114955969", "timestamp": 1610103199326, "tick_direction": 0, "price": 0.498, "mark_price": 0.50539419, "iv": 106.83, "instrument_name": "BTC-26MAR21-22000-C", "index_price": 40665.85, "direction": "sell", "amount": 0.1}, {"trade_seq": 198, "trade_id": "114955700", "timestamp": 1610103161323, "tick_direction": 0, "price": 0.497, "mark_price": 0.50472796, "iv": 106.15, "instrument_name": "BTC-26MAR21-22000-C", "index_price": 40614.28, "direction": "sell", "amount": 0.1}, {"trade_seq": 197, "trade_id": "114933311", "timestamp": 1610101884462, "tick_direction": 0, "price": 0.49, "mark_price": 0.49331634, "iv": 110.76, "instrument_name": "BTC-26MAR21-22000-C", "index_price": 39853.54, "direction": "buy", "amount": 0.1}, {"trade_seq": 196, "trade_id": "114321467", "timestamp": 1610000884133, "tick_direction": 2, "price": 0.457, "mark_price": 0.45828928, "iv": 110.92, "instrument_name": "BTC-26MAR21-22000-C", "index_price": 36995.15, "direction": "buy", "amount": 0.1}, {"trade_seq": 195, "trade_id": "114321085", "timestamp": 1610000822887, "tick_direction": 2, "price": 0.458, "mark_price": 0.45910803, "iv": 111.23, "instrument_name": "BTC-26MAR21-22000-C", "index_price": 37054.18, "direction": "buy", "amount": 0.1}, {"trade_seq": 194, "trade_id": "114318875", "timestamp": 1610000439722, "tick_direction": 2, "price": 0.461, "mark_price": 0.46205475, "iv": 111.58, "instrument_name": "BTC-26MAR21-22000-C", "index_price": 37259.69, "direction": "buy", "amount": 0.3}, {"trade_seq": 193, "trade_id": "114318872", "timestamp": 1610000439361, "tick_direction": 3, "price": 0.4615, "mark_price": 0.46205475, "iv": 112.26, "instrument_name": "BTC-26MAR21-22000-C", "index_price": 37259.69, "direction": "buy", "amount": 0.1}, {"trade_seq": 192, "trade_id": "114317538", "timestamp": 1610000071668, "tick_direction": 2, "price": 0.4615, "mark_price": 0.46430756, "iv": 109.39, "instrument_name": "BTC-26MAR21-22000-C", "index_price": 37404.82, "direction": "buy", "amount": 0.4}, {"trade_seq": 191, "trade_id": "114317188", "timestamp": 1609999950739, "tick_direction": 0, "price": 0.4635, "mark_price": 0.46453548, "iv": 111.79, "instrument_name": "BTC-26MAR21-22000-C", "index_price": 37462.07, "direction": "buy", "amount": 0.5}, {"trade_seq": 190, "trade_id": "114316922", "timestamp": 1609999825025, "tick_direction": 3, "price": 0.463, "mark_price": 0.46428913, "iv": 111.47, "instrument_name": "BTC-26MAR21-22000-C", "index_price": 37430.39, "direction": "buy", "amount": 0.1}, {"trade_seq": 189, "trade_id": "114316921", "timestamp": 1609999824954, "tick_direction": 2, "price": 0.463, "mark_price": 0.46428913, "iv": 111.47, "instrument_name": "BTC-26MAR21-22000-C", "index_price": 37430.39, "direction": "buy", "amount": 0.4}, {"trade_seq": 188, "trade_id": "114315378", "timestamp": 1609999386934, "tick_direction": 1, "price": 0.466, "mark_price": 0.46625817, "iv": 112.89, "instrument_name": "BTC-26MAR21-22000-C", "index_price": 37574.07, "direction": "buy", "amount": 0.1}, {"trade_seq": 187, "trade_id": "114315377", "timestamp": 1609999386811, "tick_direction": 1, "price": 0.466, "mark_price": 0.46625817, "iv": 112.89, "instrument_name": "BTC-26MAR21-22000-C", "index_price": 37574.07, "direction": "buy", "amount": 0.1}, {"trade_seq": 186, "trade_id": "114315361", "timestamp": 1609999375306, "tick_direction": 1, "price": 0.466, "mark_price": 0.46624998, "iv": 112.89, "instrument_name": "BTC-26MAR21-22000-C", "index_price": 37575.22, "direction": "buy", "amount": 0.1}, {"trade_seq": 185, "trade_id": "114315360", "timestamp": 1609999375043, "tick_direction": 1, "price": 0.466, "mark_price": 0.46624998, "iv": 112.91, "instrument_name": "BTC-26MAR21-22000-C", "index_price": 37567.59, "direction": "buy", "amount": 0.1}, {"trade_seq": 184, "trade_id": "114315359", "timestamp": 1609999374865, "tick_direction": 1, "price": 0.466, "mark_price": 0.46624998, "iv": 112.91, "instrument_name": "BTC-26MAR21-22000-C", "index_price": 37567.59, "direction": "buy", "amount": 0.1}, {"trade_seq": 183, "trade_id": "114314071", "timestamp": 1609998860473, "tick_direction": 1, "price": 0.466, "mark_price": 0.46662374, "iv": 112.47, "instrument_name": "BTC-26MAR21-22000-C", "index_price": 37579.48, "direction": "buy", "amount": 0.4}, {"trade_seq": 182, "trade_id": "114313550", "timestamp": 1609998661945, "tick_direction": 0, "price": 0.466, "mark_price": 0.46682863, "iv": 112.14, "instrument_name": "BTC-26MAR21-22000-C", "index_price": 37594.03, "direction": "buy", "amount": 0.5}, {"trade_seq": 181, "trade_id": "114312208", "timestamp": 1609998383988, "tick_direction": 0, "price": 0.464, "mark_price": 0.46602018, "iv": 110.5, "instrument_name": "BTC-26MAR21-22000-C", "index_price": 37577.54, "direction": "buy", "amount": 0.5}, {"trade_seq": 180, "trade_id": "114020620", "timestamp": 1609932758098, "tick_direction": 1, "price": 0.434, "mark_price": 0.4343451, "iv": 111.89, "instrument_name": "BTC-26MAR21-22000-C", "index_price": 34907.38, "direction": "buy", "amount": 0.1}, {"trade_seq": 179, "trade_id": "114020619", "timestamp": 1609932758039, "tick_direction": 0, "price": 0.434, "mark_price": 0.4343451, "iv": 111.89, "instrument_name": "BTC-26MAR21-22000-C", "index_price": 34902.29, "direction": "buy", "amount": 0.9}, {"trade_seq": 178, "trade_id": "114004371", "timestamp": 1609930848927, "tick_direction": 3, "price": 0.428, "mark_price": 0.42681534, "iv": 112.57, "instrument_name": "BTC-26MAR21-22000-C", "index_price": 34478.2, "direction": "sell", "amount": 0.1}, {"trade_seq": 177, "trade_id": "114004364", "timestamp": 1609930848183, "tick_direction": 3, "price": 0.428, "mark_price": 0.42681534, "iv": 112.57, "instrument_name": "BTC-26MAR21-22000-C", "index_price": 34479.35, "direction": "sell", "amount": 0.1}, {"trade_seq": 176, "trade_id": "114004333", "timestamp": 1609930839917, "tick_direction": 3, "price": 0.428, "mark_price": 0.42693006, "iv": 112.45, "instrument_name": "BTC-26MAR21-22000-C", "index_price": 34487.91, "direction": "sell", "amount": 0.1}, {"trade_seq": 175, "trade_id": "114004308", "timestamp": 1609930835442, "tick_direction": 2, "price": 0.428, "mark_price": 0.42699172, "iv": 112.4, "instrument_name": "BTC-26MAR21-22000-C", "index_price": 34490.46, "direction": "sell", "amount": 0.1}, {"trade_seq": 174, "trade_id": "114003738", "timestamp": 1609930608488, "tick_direction": 3, "price": 0.429, "mark_price": 0.42768505, "iv": 112.63, "instrument_name": "BTC-26MAR21-22000-C", "index_price": 34546.27, "direction": "sell", "amount": 0.1}, {"trade_seq": 173, "trade_id": "114003736", "timestamp": 1609930606130, "tick_direction": 3, "price": 0.429, "mark_price": 0.42768709, "iv": 112.63, "instrument_name": "BTC-26MAR21-22000-C", "index_price": 34546.33, "direction": "sell", "amount": 0.1}, {"trade_seq": 172, "trade_id": "114003735", "timestamp": 1609930604034, "tick_direction": 3, "price": 0.429, "mark_price": 0.42769383, "iv": 112.63, "instrument_name": "BTC-26MAR21-22000-C", "index_price": 34546.5, "direction": "sell", "amount": 0.1}, {"trade_seq": 171, "trade_id": "114003734", "timestamp": 1609930603985, "tick_direction": 3, "price": 0.429, "mark_price": 0.42769383, "iv": 112.63, "instrument_name": "BTC-26MAR21-22000-C", "index_price": 34546.5, "direction": "sell", "amount": 0.1}, {"trade_seq": 170, "trade_id": "114003732", "timestamp": 1609930603874, "tick_direction": 3, "price": 0.429, "mark_price": 0.42769383, "iv": 112.63, "instrument_name": "BTC-26MAR21-22000-C", "index_price": 34546.5, "direction": "sell", "amount": 0.1}, {"trade_seq": 169, "trade_id": "114003731", "timestamp": 1609930603767, "tick_direction": 3, "price": 0.429, "mark_price": 0.4276956, "iv": 112.62, "instrument_name": "BTC-26MAR21-22000-C", "index_price": 34546.5, "direction": "sell", "amount": 0.1}, {"trade_seq": 168, "trade_id": "114003728", "timestamp": 1609930601742, "tick_direction": 3, "price": 0.429, "mark_price": 0.42771672, "iv": 112.62, "instrument_name": "BTC-26MAR21-22000-C", "index_price": 34547.23, "direction": "sell", "amount": 0.1}, {"trade_seq": 167, "trade_id": "114003727", "timestamp": 1609930601483, "tick_direction": 3, "price": 0.429, "mark_price": 0.42771672, "iv": 112.62, "instrument_name": "BTC-26MAR21-22000-C", "index_price": 34547.48, "direction": "sell", "amount": 0.1}, {"trade_seq": 166, "trade_id": "114003726", "timestamp": 1609930601394, "tick_direction": 3, "price": 0.429, "mark_price": 0.42771672, "iv": 112.62, "instrument_name": "BTC-26MAR21-22000-C", "index_price": 34547.48, "direction": "sell", "amount": 0.1}, {"trade_seq": 165, "trade_id": "114003722", "timestamp": 1609930596740, "tick_direction": 3, "price": 0.429, "mark_price": 0.42773006, "iv": 112.58, "instrument_name": "BTC-26MAR21-22000-C", "index_price": 34550.78, "direction": "sell", "amount": 0.1}, {"trade_seq": 164, "trade_id": "114002987", "timestamp": 1609930366730, "tick_direction": 3, "price": 0.429, "mark_price": 0.42790465, "iv": 112.35, "instrument_name": "BTC-26MAR21-22000-C", "index_price": 34560.77, "direction": "sell", "amount": 0.5}, {"trade_seq": 163, "trade_id": "114002674", "timestamp": 1609930275392, "tick_direction": 3, "price": 0.429, "mark_price": 0.42750989, "iv": 112.76, "instrument_name": "BTC-26MAR21-22000-C", "index_price": 34546.41, "direction": "sell", "amount": 0.1}, {"trade_seq": 162, "trade_id": "114002673", "timestamp": 1609930275292, "tick_direction": 3, "price": 0.429, "mark_price": 0.42750989, "iv": 112.76, "instrument_name": "BTC-26MAR21-22000-C", "index_price": 34546.41, "direction": "sell", "amount": 0.2}, {"trade_seq": 161, "trade_id": "114002666", "timestamp": 1609930273180, "tick_direction": 3, "price": 0.429, "mark_price": 0.42752448, "iv": 112.74, "instrument_name": "BTC-26MAR21-22000-C", "index_price": 34548.39, "direction": "sell", "amount": 0.1}, {"trade_seq": 160, "trade_id": "114002665", "timestamp": 1609930273092, "tick_direction": 3, "price": 0.429, "mark_price": 0.42752448, "iv": 112.74, "instrument_name": "BTC-26MAR21-22000-C", "index_price": 34548.39, "direction": "sell", "amount": 0.1}, {"trade_seq": 159, "trade_id": "114002664", "timestamp": 1609930273054, "tick_direction": 3, "price": 0.429, "mark_price": 0.42752448, "iv": 112.74, "instrument_name": "BTC-26MAR21-22000-C", "index_price": 34548.39, "direction": "sell", "amount": 0.1}, {"trade_seq": 158, "trade_id": "114002663", "timestamp": 1609930272946, "tick_direction": 3, "price": 0.429, "mark_price": 0.42752448, "iv": 112.74, "instrument_name": "BTC-26MAR21-22000-C", "index_price": 34548.39, "direction": "sell", "amount": 0.1}, {"trade_seq": 157, "trade_id": "114001937", "timestamp": 1609930088295, "tick_direction": 3, "price": 0.429, "mark_price": 0.42829662, "iv": 111.67, "instrument_name": "BTC-26MAR21-22000-C", "index_price": 34624.47, "direction": "sell", "amount": 0.2}, {"trade_seq": 156, "trade_id": "114001936", "timestamp": 1609930088145, "tick_direction": 2, "price": 0.429, "mark_price": 0.42829662, "iv": 111.67, "instrument_name": "BTC-26MAR21-22000-C", "index_price": 34624.47, "direction": "sell", "amount": 0.1}, {"trade_seq": 155, "trade_id": "114001719", "timestamp": 1609930039883, "tick_direction": 1, "price": 0.4295, "mark_price": 0.42796401, "iv": 112.71, "instrument_name": "BTC-26MAR21-22000-C", "index_price": 34605.18, "direction": "sell", "amount": 0.1}, {"trade_seq": 154, "trade_id": "114001717", "timestamp": 1609930039686, "tick_direction": 1, "price": 0.4295, "mark_price": 0.42796401, "iv": 112.56, "instrument_name": "BTC-26MAR21-22000-C", "index_price": 34607.61, "direction": "sell", "amount": 0.1}, {"trade_seq": 153, "trade_id": "114001700", "timestamp": 1609930036344, "tick_direction": 1, "price": 0.4295, "mark_price": 0.42809208, "iv": 112.42, "instrument_name": "BTC-26MAR21-22000-C", "index_price": 34625.05, "direction": "sell", "amount": 0.1}, {"trade_seq": 152, "trade_id": "114001651", "timestamp": 1609930032286, "tick_direction": 1, "price": 0.4295, "mark_price": 0.42840161, "iv": 112.06, "instrument_name": "BTC-26MAR21-22000-C", "index_price": 34635.37, "direction": "sell", "amount": 0.1}, {"trade_seq": 151, "trade_id": "114001648", "timestamp": 1609930032128, "tick_direction": 1, "price": 0.4295, "mark_price": 0.42840161, "iv": 112.06, "instrument_name": "BTC-26MAR21-22000-C", "index_price": 34635.37, "direction": "sell", "amount": 0.1}, {"trade_seq": 150, "trade_id": "114001646", "timestamp": 1609930031828, "tick_direction": 1, "price": 0.4295, "mark_price": 0.42840566, "iv": 112.06, "instrument_name": "BTC-26MAR21-22000-C", "index_price": 34635.37, "direction": "sell", "amount": 0.1}, {"trade_seq": 149, "trade_id": "114001613", "timestamp": 1609930031190, "tick_direction": 1, "price": 0.4295, "mark_price": 0.42840566, "iv": 112.06, "instrument_name": "BTC-26MAR21-22000-C", "index_price": 34649.74, "direction": "sell", "amount": 0.1}, {"trade_seq": 148, "trade_id": "114001561", "timestamp": 1609930025452, "tick_direction": 0, "price": 0.4295, "mark_price": 0.42844574, "iv": 111.99, "instrument_name": "BTC-26MAR21-22000-C", "index_price": 34652.96, "direction": "sell", "amount": 0.1}, {"trade_seq": 147, "trade_id": "114000909", "timestamp": 1609929964107, "tick_direction": 1, "price": 0.428, "mark_price": 0.42709373, "iv": 111.67, "instrument_name": "BTC-26MAR21-22000-C", "index_price": 34568.36, "direction": "sell", "amount": 0.1}, {"trade_seq": 146, "trade_id": "114000713", "timestamp": 1609929937350, "tick_direction": 1, "price": 0.428, "mark_price": 0.42652215, "iv": 112.22, "instrument_name": "BTC-26MAR21-22000-C", "index_price": 34546.06, "direction": "sell", "amount": 0.1}, {"trade_seq": 145, "trade_id": "114000703", "timestamp": 1609929935350, "tick_direction": 1, "price": 0.428, "mark_price": 0.42644237, "iv": 112.28, "instrument_name": "BTC-26MAR21-22000-C", "index_price": 34544.55, "direction": "sell", "amount": 0.1}, {"trade_seq": 144, "trade_id": "114000702", "timestamp": 1609929935263, "tick_direction": 1, "price": 0.428, "mark_price": 0.42644237, "iv": 112.28, "instrument_name": "BTC-26MAR21-22000-C", "index_price": 34544.55, "direction": "sell", "amount": 0.1}, {"trade_seq": 143, "trade_id": "114000701", "timestamp": 1609929935194, "tick_direction": 1, "price": 0.428, "mark_price": 0.42644237, "iv": 112.28, "instrument_name": "BTC-26MAR21-22000-C", "index_price": 34544.55, "direction": "sell", "amount": 0.1}, {"trade_seq": 142, "trade_id": "114000592", "timestamp": 1609929927559, "tick_direction": 1, "price": 0.428, "mark_price": 0.42591072, "iv": 112.89, "instrument_name": "BTC-26MAR21-22000-C", "index_price": 34504.94, "direction": "sell", "amount": 0.2}, {"trade_seq": 141, "trade_id": "114000590", "timestamp": 1609929927391, "tick_direction": 1, "price": 0.428, "mark_price": 0.42591072, "iv": 112.89, "instrument_name": "BTC-26MAR21-22000-C", "index_price": 34504.94, "direction": "sell", "amount": 0.1}, {"trade_seq": 140, "trade_id": "114000589", "timestamp": 1609929927340, "tick_direction": 1, "price": 0.428, "mark_price": 0.42591072, "iv": 112.89, "instrument_name": "BTC-26MAR21-22000-C", "index_price": 34504.94, "direction": "sell", "amount": 0.2}, {"trade_seq": 139, "trade_id": "114000587", "timestamp": 1609929927152, "tick_direction": 0, "price": 0.428, "mark_price": 0.42591072, "iv": 112.89, "instrument_name": "BTC-26MAR21-22000-C", "index_price": 34504.94, "direction": "sell", "amount": 0.5}, {"trade_seq": 138, "trade_id": "113975450", "timestamp": 1609924130312, "tick_direction": 3, "price": 0.425, "mark_price": 0.42410471, "iv": 111.29, "instrument_name": "BTC-26MAR21-22000-C", "index_price": 34379.16, "direction": "sell", "amount": 0.9}, {"trade_seq": 137, "trade_id": "113975438", "timestamp": 1609924130022, "tick_direction": 2, "price": 0.425, "mark_price": 0.42439445, "iv": 111.29, "instrument_name": "BTC-26MAR21-22000-C", "index_price": 34379.16, "direction": "sell", "amount": 0.1}, {"trade_seq": 136, "trade_id": "113972155", "timestamp": 1609922955442, "tick_direction": 0, "price": 0.427, "mark_price": 0.42638263, "iv": 110.72, "instrument_name": "BTC-26MAR21-22000-C", "index_price": 34543.91, "direction": "sell", "amount": 1.0}, {"trade_seq": 135, "trade_id": "113968940", "timestamp": 1609922225896, "tick_direction": 2, "price": 0.425, "mark_price": 0.42328538, "iv": 111.52, "instrument_name": "BTC-26MAR21-22000-C", "index_price": 34351.63, "direction": "sell", "amount": 0.1}, {"trade_seq": 134, "trade_id": "113968828", "timestamp": 1609922205613, "tick_direction": 3, "price": 0.426, "mark_price": 0.42425405, "iv": 111.56, "instrument_name": "BTC-26MAR21-22000-C", "index_price": 34432.2, "direction": "sell", "amount": 0.1}, {"trade_seq": 133, "trade_id": "113968677", "timestamp": 1609922151815, "tick_direction": 3, "price": 0.426, "mark_price": 0.42452305, "iv": 111.19, "instrument_name": "BTC-26MAR21-22000-C", "index_price": 34452.9, "direction": "sell", "amount": 0.1}, {"trade_seq": 132, "trade_id": "113968526", "timestamp": 1609922095738, "tick_direction": 3, "price": 0.426, "mark_price": 0.42443879, "iv": 111.18, "instrument_name": "BTC-26MAR21-22000-C", "index_price": 34449.38, "direction": "sell", "amount": 0.1}, {"trade_seq": 131, "trade_id": "113968401", "timestamp": 1609922074025, "tick_direction": 2, "price": 0.426, "mark_price": 0.42441511, "iv": 111.22, "instrument_name": "BTC-26MAR21-22000-C", "index_price": 34441.28, "direction": "sell", "amount": 0.1}, {"trade_seq": 130, "trade_id": "113963737", "timestamp": 1609921660803, "tick_direction": 2, "price": 0.429, "mark_price": 0.42768216, "iv": 110.98, "instrument_name": "BTC-26MAR21-22000-C", "index_price": 34656.02, "direction": "sell", "amount": 0.1}, {"trade_seq": 129, "trade_id": "113963665", "timestamp": 1609921639920, "tick_direction": 3, "price": 0.43, "mark_price": 0.42831348, "iv": 111.43, "instrument_name": "BTC-26MAR21-22000-C", "index_price": 34705.5, "direction": "sell", "amount": 0.1}, {"trade_seq": 128, "trade_id": "113963664", "timestamp": 1609921639133, "tick_direction": 3, "price": 0.43, "mark_price": 0.42831715, "iv": 111.42, "instrument_name": "BTC-26MAR21-22000-C", "index_price": 34706.91, "direction": "sell", "amount": 0.1}, {"trade_seq": 127, "trade_id": "113963663", "timestamp": 1609921638202, "tick_direction": 3, "price": 0.43, "mark_price": 0.42831548, "iv": 111.42, "instrument_name": "BTC-26MAR21-22000-C", "index_price": 34706.98, "direction": "sell", "amount": 0.1}, {"trade_seq": 126, "trade_id": "113963662", "timestamp": 1609921637941, "tick_direction": 3, "price": 0.43, "mark_price": 0.42831548, "iv": 111.42, "instrument_name": "BTC-26MAR21-22000-C", "index_price": 34706.98, "direction": "sell", "amount": 0.1}, {"trade_seq": 125, "trade_id": "113963656", "timestamp": 1609921635562, "tick_direction": 3, "price": 0.43, "mark_price": 0.42830929, "iv": 111.42, "instrument_name": "BTC-26MAR21-22000-C", "index_price": 34708.51, "direction": "sell", "amount": 0.1}, {"trade_seq": 124, "trade_id": "113963655", "timestamp": 1609921635468, "tick_direction": 3, "price": 0.43, "mark_price": 0.42830929, "iv": 111.42, "instrument_name": "BTC-26MAR21-22000-C", "index_price": 34708.51, "direction": "sell", "amount": 0.1}, {"trade_seq": 123, "trade_id": "113963654", "timestamp": 1609921635315, "tick_direction": 3, "price": 0.43, "mark_price": 0.42830929, "iv": 111.42, "instrument_name": "BTC-26MAR21-22000-C", "index_price": 34708.51, "direction": "sell", "amount": 0.1}, {"trade_seq": 122, "trade_id": "113963650", "timestamp": 1609921633103, "tick_direction": 3, "price": 0.43, "mark_price": 0.42830957, "iv": 111.39, "instrument_name": "BTC-26MAR21-22000-C", "index_price": 34707.68, "direction": "sell", "amount": 0.1}, {"trade_seq": 121, "trade_id": "113963639", "timestamp": 1609921629261, "tick_direction": 3, "price": 0.43, "mark_price": 0.42829848, "iv": 111.44, "instrument_name": "BTC-26MAR21-22000-C", "index_price": 34704.96, "direction": "sell", "amount": 0.1}, {"trade_seq": 120, "trade_id": "113963630", "timestamp": 1609921628563, "tick_direction": 3, "price": 0.43, "mark_price": 0.42855675, "iv": 111.34, "instrument_name": "BTC-26MAR21-22000-C", "index_price": 34711.2, "direction": "sell", "amount": 0.1}, {"trade_seq": 119, "trade_id": "113963193", "timestamp": 1609921496983, "tick_direction": 3, "price": 0.43, "mark_price": 0.42759374, "iv": 112.21, "instrument_name": "BTC-26MAR21-22000-C", "index_price": 34650.17, "direction": "sell", "amount": 0.1}, {"trade_seq": 118, "trade_id": "113959719", "timestamp": 1609920900860, "tick_direction": 3, "price": 0.43, "mark_price": 0.42898234, "iv": 110.39, "instrument_name": "BTC-26MAR21-22000-C", "index_price": 34758.9, "direction": "sell", "amount": 0.9}, {"trade_seq": 117, "trade_id": "113959464", "timestamp": 1609920895220, "tick_direction": 2, "price": 0.43, "mark_price": 0.42957432, "iv": 109.47, "instrument_name": "BTC-26MAR21-22000-C", "index_price": 34811.31, "direction": "sell", "amount": 0.1}, {"trade_seq": 116, "trade_id": "113942437", "timestamp": 1609917355651, "tick_direction": 3, "price": 0.432, "mark_price": 0.43201659, "iv": 107.66, "instrument_name": "BTC-26MAR21-22000-C", "index_price": 35128.6, "direction": "sell", "amount": 0.1}, {"trade_seq": 115, "trade_id": "113942436", "timestamp": 1609917355587, "tick_direction": 3, "price": 0.432, "mark_price": 0.43201659, "iv": 107.66, "instrument_name": "BTC-26MAR21-22000-C", "index_price": 35128.6, "direction": "sell", "amount": 0.2}, {"trade_seq": 114, "trade_id": "113938516", "timestamp": 1609915977207, "tick_direction": 3, "price": 0.432, "mark_price": 0.43108383, "iv": 107.29, "instrument_name": "BTC-26MAR21-22000-C", "index_price": 35170.96, "direction": "sell", "amount": 0.1}, {"trade_seq": 113, "trade_id": "113938515", "timestamp": 1609915976586, "tick_direction": 3, "price": 0.432, "mark_price": 0.43113303, "iv": 107.29, "instrument_name": "BTC-26MAR21-22000-C", "index_price": 35170.96, "direction": "sell", "amount": 0.1}, {"trade_seq": 112, "trade_id": "113938509", "timestamp": 1609915974944, "tick_direction": 3, "price": 0.432, "mark_price": 0.43119009, "iv": 107.16, "instrument_name": "BTC-26MAR21-22000-C", "index_price": 35177.6, "direction": "sell", "amount": 0.1}, {"trade_seq": 111, "trade_id": "113938504", "timestamp": 1609915974774, "tick_direction": 3, "price": 0.432, "mark_price": 0.43119009, "iv": 107.16, "instrument_name": "BTC-26MAR21-22000-C", "index_price": 35177.6, "direction": "sell", "amount": 0.1}, {"trade_seq": 110, "trade_id": "113938503", "timestamp": 1609915973383, "tick_direction": 3, "price": 0.432, "mark_price": 0.43138507, "iv": 107.03, "instrument_name": "BTC-26MAR21-22000-C", "index_price": 35190.06, "direction": "sell", "amount": 0.1}, {"trade_seq": 109, "trade_id": "113938501", "timestamp": 1609915973303, "tick_direction": 2, "price": 0.432, "mark_price": 0.43138507, "iv": 107.03, "instrument_name": "BTC-26MAR21-22000-C", "index_price": 35190.06, "direction": "sell", "amount": 0.1}, {"trade_seq": 108, "trade_id": "113935793", "timestamp": 1609914928980, "tick_direction": 3, "price": 0.4325, "mark_price": 0.43072989, "iv": 108.43, "instrument_name": "BTC-26MAR21-22000-C", "index_price": 35138.27, "direction": "sell", "amount": 0.2}, {"trade_seq": 107, "trade_id": "113935788", "timestamp": 1609914928316, "tick_direction": 3, "price": 0.4325, "mark_price": 0.43074165, "iv": 108.34, "instrument_name": "BTC-26MAR21-22000-C", "index_price": 35138.27, "direction": "sell", "amount": 0.1}, {"trade_seq": 106, "trade_id": "113935787", "timestamp": 1609914928259, "tick_direction": 3, "price": 0.4325, "mark_price": 0.43074165, "iv": 108.34, "instrument_name": "BTC-26MAR21-22000-C", "index_price": 35138.27, "direction": "sell", "amount": 0.2}, {"trade_seq": 105, "trade_id": "113935781", "timestamp": 1609914928074, "tick_direction": 3, "price": 0.4325, "mark_price": 0.43074165, "iv": 108.34, "instrument_name": "BTC-26MAR21-22000-C", "index_price": 35138.27, "direction": "sell", "amount": 0.1}, {"trade_seq": 104, "trade_id": "113935618", "timestamp": 1609914835673, "tick_direction": 3, "price": 0.4325, "mark_price": 0.43105777, "iv": 107.72, "instrument_name": "BTC-26MAR21-22000-C", "index_price": 35182.75, "direction": "sell", "amount": 0.1}, {"trade_seq": 103, "trade_id": "113935616", "timestamp": 1609914835544, "tick_direction": 3, "price": 0.4325, "mark_price": 0.43105777, "iv": 107.72, "instrument_name": "BTC-26MAR21-22000-C", "index_price": 35182.75, "direction": "sell", "amount": 0.1}, {"trade_seq": 102, "trade_id": "113935615", "timestamp": 1609914835466, "tick_direction": 2, "price": 0.4325, "mark_price": 0.43105445, "iv": 107.72, "instrument_name": "BTC-26MAR21-22000-C", "index_price": 35182.75, "direction": "sell", "amount": 0.2}, {"trade_seq": 101, "trade_id": "113935533", "timestamp": 1609914758955, "tick_direction": 0, "price": 0.433, "mark_price": 0.43095214, "iv": 108.39, "instrument_name": "BTC-26MAR21-22000-C", "index_price": 35184.67, "direction": "sell", "amount": 1.0}, {"trade_seq": 100, "trade_id": "113345021", "timestamp": 1609772952230, "tick_direction": 0, "price": 0.3775, "mark_price": 0.37800101, "iv": 99.92, "instrument_name": "BTC-26MAR21-22000-C", "index_price": 31986.78, "direction": "sell", "amount": 0.1}, {"trade_seq": 99, "trade_id": "113333600", "timestamp": 1609771286223, "tick_direction": 0, "price": 0.3745, "mark_price": 0.37431864, "iv": 100.77, "instrument_name": "BTC-26MAR21-22000-C", "index_price": 31755.99, "direction": "sell", "amount": 0.1}, {"trade_seq": 98, "trade_id": "113333599", "timestamp": 1609771286145, "tick_direction": 2, "price": 0.374, "mark_price": 0.37431864, "iv": 100.29, "instrument_name": "BTC-26MAR21-22000-C", "index_price": 31755.99, "direction": "sell", "amount": 0.1}, {"trade_seq": 97, "trade_id": "112761337", "timestamp": 1609664329381, "tick_direction": 1, "price": 0.414, "mark_price": 0.41236712, "iv": 98.28, "instrument_name": "BTC-26MAR21-22000-C", "index_price": 34421.76, "direction": "sell", "amount": 2.2}, {"trade_seq": 96, "trade_id": "112761332", "timestamp": 1609664329218, "tick_direction": 1, "price": 0.414, "mark_price": 0.41236712, "iv": 98.22, "instrument_name": "BTC-26MAR21-22000-C", "index_price": 34433.61, "direction": "sell", "amount": 0.1}, {"trade_seq": 95, "trade_id": "112761331", "timestamp": 1609664329158, "tick_direction": 1, "price": 0.414, "mark_price": 0.41236712, "iv": 98.22, "instrument_name": "BTC-26MAR21-22000-C", "index_price": 34433.61, "direction": "sell", "amount": 0.1}, {"trade_seq": 94, "trade_id": "112761330", "timestamp": 1609664329045, "tick_direction": 1, "price": 0.414, "mark_price": 0.41236712, "iv": 98.22, "instrument_name": "BTC-26MAR21-22000-C", "index_price": 34433.61, "direction": "sell", "amount": 0.2}, {"trade_seq": 93, "trade_id": "112761329", "timestamp": 1609664328943, "tick_direction": 1, "price": 0.414, "mark_price": 0.41236712, "iv": 98.22, "instrument_name": "BTC-26MAR21-22000-C", "index_price": 34433.61, "direction": "sell", "amount": 0.2}, {"trade_seq": 92, "trade_id": "112761324", "timestamp": 1609664328468, "tick_direction": 1, "price": 0.414, "mark_price": 0.41243885, "iv": 98.22, "instrument_name": "BTC-26MAR21-22000-C", "index_price": 34433.61, "direction": "sell", "amount": 0.4}, {"trade_seq": 91, "trade_id": "112761315", "timestamp": 1609664328039, "tick_direction": 1, "price": 0.414, "mark_price": 0.41243885, "iv": 98.13, "instrument_name": "BTC-26MAR21-22000-C", "index_price": 34437.38, "direction": "sell", "amount": 0.3}, {"trade_seq": 90, "trade_id": "112761314", "timestamp": 1609664327968, "tick_direction": 1, "price": 0.414, "mark_price": 0.41243885, "iv": 98.13, "instrument_name": "BTC-26MAR21-22000-C", "index_price": 34437.38, "direction": "sell", "amount": 0.2}, {"trade_seq": 89, "trade_id": "112761310", "timestamp": 1609664327464, "tick_direction": 1, "price": 0.414, "mark_price": 0.41255926, "iv": 98.13, "instrument_name": "BTC-26MAR21-22000-C", "index_price": 34437.38, "direction": "sell", "amount": 0.2}, {"trade_seq": 88, "trade_id": "112761309", "timestamp": 1609664327368, "tick_direction": 1, "price": 0.414, "mark_price": 0.41255926, "iv": 98.13, "instrument_name": "BTC-26MAR21-22000-C", "index_price": 34437.38, "direction": "sell", "amount": 0.2}, {"trade_seq": 87, "trade_id": "112761298", "timestamp": 1609664326977, "tick_direction": 1, "price": 0.414, "mark_price": 0.41255926, "iv": 98.13, "instrument_name": "BTC-26MAR21-22000-C", "index_price": 34442.73, "direction": "sell", "amount": 0.1}, {"trade_seq": 86, "trade_id": "112761297", "timestamp": 1609664326934, "tick_direction": 1, "price": 0.414, "mark_price": 0.41255926, "iv": 98.13, "instrument_name": "BTC-26MAR21-22000-C", "index_price": 34442.73, "direction": "sell", "amount": 0.1}, {"trade_seq": 85, "trade_id": "112761295", "timestamp": 1609664326619, "tick_direction": 1, "price": 0.414, "mark_price": 0.41259003, "iv": 97.98, "instrument_name": "BTC-26MAR21-22000-C", "index_price": 34442.73, "direction": "sell", "amount": 0.1}, {"trade_seq": 84, "trade_id": "112761294", "timestamp": 1609664326553, "tick_direction": 1, "price": 0.414, "mark_price": 0.41259003, "iv": 97.98, "instrument_name": "BTC-26MAR21-22000-C", "index_price": 34442.73, "direction": "sell", "amount": 0.1}, {"trade_seq": 83, "trade_id": "112761285", "timestamp": 1609664326343, "tick_direction": 1, "price": 0.414, "mark_price": 0.41259003, "iv": 97.98, "instrument_name": "BTC-26MAR21-22000-C", "index_price": 34442.73, "direction": "sell", "amount": 0.1}, {"trade_seq": 82, "trade_id": "112761282", "timestamp": 1609664325654, "tick_direction": 1, "price": 0.414, "mark_price": 0.41259003, "iv": 97.94, "instrument_name": "BTC-26MAR21-22000-C", "index_price": 34451.27, "direction": "sell", "amount": 0.1}, {"trade_seq": 81, "trade_id": "112761276", "timestamp": 1609664324711, "tick_direction": 1, "price": 0.414, "mark_price": 0.41262119, "iv": 97.9, "instrument_name": "BTC-26MAR21-22000-C", "index_price": 34453.62, "direction": "sell", "amount": 0.1}, {"trade_seq": 80, "trade_id": "112761264", "timestamp": 1609664322739, "tick_direction": 1, "price": 0.414, "mark_price": 0.41275741, "iv": 97.73, "instrument_name": "BTC-26MAR21-22000-C", "index_price": 34457.38, "direction": "sell", "amount": 0.1}, {"trade_seq": 79, "trade_id": "112761263", "timestamp": 1609664322680, "tick_direction": 1, "price": 0.414, "mark_price": 0.41275741, "iv": 97.73, "instrument_name": "BTC-26MAR21-22000-C", "index_price": 34457.38, "direction": "sell", "amount": 0.1}, {"trade_seq": 78, "trade_id": "112761262", "timestamp": 1609664321765, "tick_direction": 1, "price": 0.414, "mark_price": 0.41278291, "iv": 97.7, "instrument_name": "BTC-26MAR21-22000-C", "index_price": 34466.27, "direction": "sell", "amount": 0.1}, {"trade_seq": 77, "trade_id": "112761247", "timestamp": 1609664319972, "tick_direction": 1, "price": 0.414, "mark_price": 0.41282215, "iv": 97.65, "instrument_name": "BTC-26MAR21-22000-C", "index_price": 34466.43, "direction": "sell", "amount": 0.1}, {"trade_seq": 76, "trade_id": "112761246", "timestamp": 1609664319843, "tick_direction": 1, "price": 0.414, "mark_price": 0.41282215, "iv": 97.65, "instrument_name": "BTC-26MAR21-22000-C", "index_price": 34466.43, "direction": "sell", "amount": 0.1}, {"trade_seq": 75, "trade_id": "112761237", "timestamp": 1609664313931, "tick_direction": 1, "price": 0.414, "mark_price": 0.41296949, "iv": 97.46, "instrument_name": "BTC-26MAR21-22000-C", "index_price": 34476.79, "direction": "sell", "amount": 1.0}, {"trade_seq": 74, "trade_id": "112761234", "timestamp": 1609664313173, "tick_direction": 1, "price": 0.414, "mark_price": 0.41301286, "iv": 97.46, "instrument_name": "BTC-26MAR21-22000-C", "index_price": 34476.79, "direction": "sell", "amount": 0.1}, {"trade_seq": 73, "trade_id": "112761233", "timestamp": 1609664312980, "tick_direction": 1, "price": 0.414, "mark_price": 0.41301286, "iv": 97.41, "instrument_name": "BTC-26MAR21-22000-C", "index_price": 34480.88, "direction": "sell", "amount": 0.1}, {"trade_seq": 72, "trade_id": "112761227", "timestamp": 1609664312312, "tick_direction": 1, "price": 0.414, "mark_price": 0.41300455, "iv": 97.41, "instrument_name": "BTC-26MAR21-22000-C", "index_price": 34480.88, "direction": "sell", "amount": 0.1}, {"trade_seq": 71, "trade_id": "112761207", "timestamp": 1609664301327, "tick_direction": 1, "price": 0.414, "mark_price": 0.41316399, "iv": 97.25, "instrument_name": "BTC-26MAR21-22000-C", "index_price": 34495.06, "direction": "sell", "amount": 0.1}, {"trade_seq": 70, "trade_id": "112761202", "timestamp": 1609664300824, "tick_direction": 1, "price": 0.414, "mark_price": 0.41316399, "iv": 97.21, "instrument_name": "BTC-26MAR21-22000-C", "index_price": 34496.95, "direction": "sell", "amount": 0.1}, {"trade_seq": 69, "trade_id": "112761179", "timestamp": 1609664293897, "tick_direction": 1, "price": 0.414, "mark_price": 0.4131799, "iv": 97.18, "instrument_name": "BTC-26MAR21-22000-C", "index_price": 34501.36, "direction": "sell", "amount": 1.0}, {"trade_seq": 68, "trade_id": "112761140", "timestamp": 1609664258825, "tick_direction": 1, "price": 0.414, "mark_price": 0.41355269, "iv": 96.72, "instrument_name": "BTC-26MAR21-22000-C", "index_price": 34527.32, "direction": "sell", "amount": 0.1}, {"trade_seq": 67, "trade_id": "112761091", "timestamp": 1609664228419, "tick_direction": 1, "price": 0.414, "mark_price": 0.41294606, "iv": 97.33, "instrument_name": "BTC-26MAR21-22000-C", "index_price": 34504.97, "direction": "sell", "amount": 0.1}, {"trade_seq": 66, "trade_id": "112760941", "timestamp": 1609664128527, "tick_direction": 0, "price": 0.414, "mark_price": 0.41288457, "iv": 97.42, "instrument_name": "BTC-26MAR21-22000-C", "index_price": 34509.68, "direction": "sell", "amount": 2.0}, {"trade_seq": 65, "trade_id": "112435396", "timestamp": 1609602179035, "tick_direction": 0, "price": 0.365, "mark_price": 0.3646843, "iv": 88.31, "instrument_name": "BTC-26MAR21-22000-C", "index_price": 31718.38, "direction": "buy", "amount": 0.1}, {"trade_seq": 64, "trade_id": "111263897", "timestamp": 1609112941768, "tick_direction": 2, "price": 0.2755, "mark_price": 0.27661681, "iv": 87.12, "instrument_name": "BTC-26MAR21-22000-C", "index_price": 26358.83, "direction": "buy", "amount": 0.1}, {"trade_seq": 63, "trade_id": "111031864", "timestamp": 1609059646798, "tick_direction": 0, "price": 0.2975, "mark_price": 0.30288757, "iv": 88.34, "instrument_name": "BTC-26MAR21-22000-C", "index_price": 27383.41, "direction": "sell", "amount": 0.1}, {"trade_seq": 62, "trade_id": "110978386", "timestamp": 1609046208024, "tick_direction": 1, "price": 0.2885, "mark_price": 0.29237566, "iv": 88.92, "instrument_name": "BTC-26MAR21-22000-C", "index_price": 26772.64, "direction": "sell", "amount": 16.9}, {"trade_seq": 61, "trade_id": "110978338", "timestamp": 1609046144308, "tick_direction": 1, "price": 0.2885, "mark_price": 0.29241825, "iv": 88.91, "instrument_name": "BTC-26MAR21-22000-C", "index_price": 26768.49, "direction": "sell", "amount": 0.1}, {"trade_seq": 60, "trade_id": "110978337", "timestamp": 1609046144189, "tick_direction": 1, "price": 0.2885, "mark_price": 0.29246762, "iv": 88.91, "instrument_name": "BTC-26MAR21-22000-C", "index_price": 26768.49, "direction": "sell", "amount": 0.1}, {"trade_seq": 59, "trade_id": "110978333", "timestamp": 1609046144097, "tick_direction": 1, "price": 0.2885, "mark_price": 0.29246762, "iv": 88.91, "instrument_name": "BTC-26MAR21-22000-C", "index_price": 26768.49, "direction": "sell", "amount": 0.1}, {"trade_seq": 58, "trade_id": "110978332", "timestamp": 1609046144023, "tick_direction": 1, "price": 0.2885, "mark_price": 0.29246762, "iv": 88.91, "instrument_name": "BTC-26MAR21-22000-C", "index_price": 26768.49, "direction": "sell", "amount": 0.2}, {"trade_seq": 57, "trade_id": "110978331", "timestamp": 1609046143888, "tick_direction": 1, "price": 0.2885, "mark_price": 0.29246762, "iv": 88.91, "instrument_name": "BTC-26MAR21-22000-C", "index_price": 26768.49, "direction": "sell", "amount": 0.5}, {"trade_seq": 56, "trade_id": "110978299", "timestamp": 1609046134092, "tick_direction": 1, "price": 0.2885, "mark_price": 0.29250825, "iv": 88.84, "instrument_name": "BTC-26MAR21-22000-C", "index_price": 26770.46, "direction": "sell", "amount": 0.1}, {"trade_seq": 55, "trade_id": "110978298", "timestamp": 1609046134007, "tick_direction": 1, "price": 0.2885, "mark_price": 0.29250825, "iv": 88.84, "instrument_name": "BTC-26MAR21-22000-C", "index_price": 26770.46, "direction": "sell", "amount": 0.2}, {"trade_seq": 54, "trade_id": "110978296", "timestamp": 1609046133736, "tick_direction": 1, "price": 0.2885, "mark_price": 0.29250825, "iv": 88.85, "instrument_name": "BTC-26MAR21-22000-C", "index_price": 26770.18, "direction": "sell", "amount": 0.2}, {"trade_seq": 53, "trade_id": "110978295", "timestamp": 1609046133603, "tick_direction": 1, "price": 0.2885, "mark_price": 0.29250825, "iv": 88.85, "instrument_name": "BTC-26MAR21-22000-C", "index_price": 26770.18, "direction": "sell", "amount": 0.5}, {"trade_seq": 52, "trade_id": "110978294", "timestamp": 1609046133523, "tick_direction": 1, "price": 0.2885, "mark_price": 0.29250825, "iv": 88.85, "instrument_name": "BTC-26MAR21-22000-C", "index_price": 26770.18, "direction": "sell", "amount": 1.1}, {"trade_seq": 51, "trade_id": "110977341", "timestamp": 1609045749585, "tick_direction": 1, "price": 0.2885, "mark_price": 0.29218434, "iv": 88.98, "instrument_name": "BTC-26MAR21-22000-C", "index_price": 26763.79, "direction": "sell", "amount": 9.0}, {"trade_seq": 50, "trade_id": "110977340", "timestamp": 1609045749574, "tick_direction": 1, "price": 0.2885, "mark_price": 0.29218434, "iv": 88.98, "instrument_name": "BTC-26MAR21-22000-C", "index_price": 26763.79, "direction": "sell", "amount": 10.7}, {"trade_seq": 49, "trade_id": "110977320", "timestamp": 1609045744132, "tick_direction": 1, "price": 0.2885, "mark_price": 0.29220351, "iv": 88.96, "instrument_name": "BTC-26MAR21-22000-C", "index_price": 26766.26, "direction": "sell", "amount": 0.1}, {"trade_seq": 48, "trade_id": "110977319", "timestamp": 1609045744085, "tick_direction": 0, "price": 0.2885, "mark_price": 0.29220351, "iv": 88.96, "instrument_name": "BTC-26MAR21-22000-C", "index_price": 26766.26, "direction": "sell", "amount": 0.2}, {"trade_seq": 47, "trade_id": "110977186", "timestamp": 1609045701960, "tick_direction": 3, "price": 0.288, "mark_price": 0.2920854, "iv": 88.7, "instrument_name": "BTC-26MAR21-22000-C", "index_price": 26759.07, "direction": "sell", "amount": 7.3}, {"trade_seq": 46, "trade_id": "110977185", "timestamp": 1609045701898, "tick_direction": 3, "price": 0.288, "mark_price": 0.2920854, "iv": 88.69, "instrument_name": "BTC-26MAR21-22000-C", "index_price": 26759.2, "direction": "sell", "amount": 0.6}, {"trade_seq": 45, "trade_id": "110977184", "timestamp": 1609045701810, "tick_direction": 3, "price": 0.288, "mark_price": 0.2920854, "iv": 88.69, "instrument_name": "BTC-26MAR21-22000-C", "index_price": 26759.2, "direction": "sell", "amount": 1.4}, {"trade_seq": 44, "trade_id": "110977183", "timestamp": 1609045701795, "tick_direction": 2, "price": 0.288, "mark_price": 0.2920854, "iv": 88.69, "instrument_name": "BTC-26MAR21-22000-C", "index_price": 26759.2, "direction": "sell", "amount": 10.7}