{"trades": [{"trade_seq": 642, "trade_id": "137995122", "timestamp": 1616512893176, "tick_direction": 3, "price": 0.0005, "mark_price": 0.00029631, "iv": 123.19, "instrument_name": "BTC-26MAR21-70000-C", "index_price": 55100.81, "direction": "buy", "amount": 0.9}, {"trade_seq": 641, "trade_id": "137975703", "timestamp": 1616506327536, "tick_direction": 3, "price": 0.0005, "mark_price": 0.00025176, "iv": 119.87, "instrument_name": "BTC-26MAR21-70000-C", "index_price": 55357.88, "direction": "sell", "amount": 22.8}, {"trade_seq": 640, "trade_id": "137975524", "timestamp": 1616506260643, "tick_direction": 3, "price": 0.0005, "mark_price": 0.00024742, "iv": 119.71, "instrument_name": "BTC-26MAR21-70000-C", "index_price": 55365.69, "direction": "sell", "amount": 5.0}, {"trade_seq": 639, "trade_id": "137974942", "timestamp": 1616506067302, "tick_direction": 3, "price": 0.0005, "mark_price": 0.00021251, "iv": 120.54, "instrument_name": "BTC-26MAR21-70000-C", "index_price": 55260.98, "direction": "sell", "amount": 1.0}, {"trade_seq": 638, "trade_id": "137974229", "timestamp": 1616505836865, "tick_direction": 3, "price": 0.0005, "mark_price": 0.00020205, "iv": 119.71, "instrument_name": "BTC-26MAR21-70000-C", "index_price": 55356.53, "direction": "sell", "amount": 0.2}, {"trade_seq": 637, "trade_id": "137971353", "timestamp": 1616505029676, "tick_direction": 3, "price": 0.0005, "mark_price": 0.00012206, "iv": 120.71, "instrument_name": "BTC-26MAR21-70000-C", "index_price": 55197.47, "direction": "sell", "amount": 1.0}, {"trade_seq": 636, "trade_id": "137971109", "timestamp": 1616504942556, "tick_direction": 3, "price": 0.0005, "mark_price": 0.00011222, "iv": 121.1, "instrument_name": "BTC-26MAR21-70000-C", "index_price": 55138.21, "direction": "sell", "amount": 5.0}, {"trade_seq": 635, "trade_id": "137969214", "timestamp": 1616504367969, "tick_direction": 3, "price": 0.0005, "mark_price": 7.751e-05, "iv": 121.42, "instrument_name": "BTC-26MAR21-70000-C", "index_price": 55075.45, "direction": "buy", "amount": 5.0}, {"trade_seq": 634, "trade_id": "137939567", "timestamp": 1616492241712, "tick_direction": 3, "price": 0.0005, "mark_price": 0.00045967, "iv": 123.98, "instrument_name": "BTC-26MAR21-70000-C", "index_price": 54321.58, "direction": "sell", "amount": 0.6}, {"trade_seq": 633, "trade_id": "137937456", "timestamp": 1616491329164, "tick_direction": 2, "price": 0.0005, "mark_price": 0.00033033, "iv": 123.46, "instrument_name": "BTC-26MAR21-70000-C", "index_price": 54364.61, "direction": "sell", "amount": 0.4}, {"trade_seq": 632, "trade_id": "137848204", "timestamp": 1616472408475, "tick_direction": 1, "price": 0.001, "mark_price": 0.00040232, "iv": 129.73, "instrument_name": "BTC-26MAR21-70000-C", "index_price": 54591.22, "direction": "buy", "amount": 6.3}, {"trade_seq": 631, "trade_id": "137848203", "timestamp": 1616472408475, "tick_direction": 1, "price": 0.001, "mark_price": 0.00040232, "iv": 129.73, "instrument_name": "BTC-26MAR21-70000-C", "index_price": 54591.22, "direction": "buy", "amount": 3.2}, {"trade_seq": 630, "trade_id": "137848202", "timestamp": 1616472408475, "tick_direction": 0, "price": 0.001, "mark_price": 0.00040232, "iv": 129.73, "instrument_name": "BTC-26MAR21-70000-C", "index_price": 54591.22, "direction": "buy", "amount": 0.5}, {"trade_seq": 629, "trade_id": "137839046", "timestamp": 1616468640559, "tick_direction": 3, "price": 0.0005, "mark_price": 0.00070884, "iv": 116.15, "instrument_name": "BTC-26MAR21-70000-C", "index_price": 54681.59, "direction": "sell", "amount": 2.0}, {"trade_seq": 628, "trade_id": "137808355", "timestamp": 1616456737663, "tick_direction": 3, "price": 0.0005, "mark_price": 0.00089978, "iv": 114.67, "instrument_name": "BTC-26MAR21-70000-C", "index_price": 54543.92, "direction": "sell", "amount": 21.1}, {"trade_seq": 627, "trade_id": "137805811", "timestamp": 1616455362729, "tick_direction": 3, "price": 0.0005, "mark_price": 0.00086704, "iv": 114.61, "instrument_name": "BTC-26MAR21-70000-C", "index_price": 54507.99, "direction": "sell", "amount": 2.9}, {"trade_seq": 626, "trade_id": "137805810", "timestamp": 1616455362729, "tick_direction": 3, "price": 0.0005, "mark_price": 0.00086704, "iv": 114.61, "instrument_name": "BTC-26MAR21-70000-C", "index_price": 54507.99, "direction": "sell", "amount": 0.1}, {"trade_seq": 625, "trade_id": "137805809", "timestamp": 1616455362729, "tick_direction": 3, "price": 0.0005, "mark_price": 0.00086704, "iv": 114.61, "instrument_name": "BTC-26MAR21-70000-C", "index_price": 54507.99, "direction": "sell", "amount": 1.0}, {"trade_seq": 624, "trade_id": "137805808", "timestamp": 1616455362729, "tick_direction": 3, "price": 0.0005, "mark_price": 0.00086704, "iv": 114.61, "instrument_name": "BTC-26MAR21-70000-C", "index_price": 54507.99, "direction": "sell", "amount": 1.0}, {"trade_seq": 623, "trade_id": "137805805", "timestamp": 1616455351101, "tick_direction": 3, "price": 0.0005, "mark_price": 0.00086253, "iv": 114.66, "instrument_name": "BTC-26MAR21-70000-C", "index_price": 54508.82, "direction": "sell", "amount": 4.0}, {"trade_seq": 622, "trade_id": "137805804", "timestamp": 1616455351101, "tick_direction": 3, "price": 0.0005, "mark_price": 0.00086253, "iv": 114.66, "instrument_name": "BTC-26MAR21-70000-C", "index_price": 54508.82, "direction": "sell", "amount": 1.0}, {"trade_seq": 621, "trade_id": "137804315", "timestamp": 1616454928513, "tick_direction": 3, "price": 0.0005, "mark_price": 0.00091198, "iv": 112.75, "instrument_name": "BTC-26MAR21-70000-C", "index_price": 54711.61, "direction": "sell", "amount": 5.0}, {"trade_seq": 620, "trade_id": "137804314", "timestamp": 1616454928513, "tick_direction": 3, "price": 0.0005, "mark_price": 0.00091198, "iv": 112.75, "instrument_name": "BTC-26MAR21-70000-C", "index_price": 54711.61, "direction": "sell", "amount": 3.0}, {"trade_seq": 619, "trade_id": "137804313", "timestamp": 1616454928513, "tick_direction": 3, "price": 0.0005, "mark_price": 0.00091198, "iv": 112.75, "instrument_name": "BTC-26MAR21-70000-C", "index_price": 54711.61, "direction": "sell", "amount": 1.0}, {"trade_seq": 618, "trade_id": "137804312", "timestamp": 1616454928513, "tick_direction": 2, "price": 0.0005, "mark_price": 0.00091198, "iv": 112.75, "instrument_name": "BTC-26MAR21-70000-C", "index_price": 54711.61, "direction": "sell", "amount": 1.0}, {"trade_seq": 617, "trade_id": "137799884", "timestamp": 1616453504593, "tick_direction": 1, "price": 0.001, "mark_price": 0.00090688, "iv": 126.9, "instrument_name": "BTC-26MAR21-70000-C", "index_price": 54354.76, "direction": "buy", "amount": 0.1}, {"trade_seq": 616, "trade_id": "137690666", "timestamp": 1616424277697, "tick_direction": 0, "price": 0.001, "mark_price": 0.00079256, "iv": 101.1, "instrument_name": "BTC-26MAR21-70000-C", "index_price": 57089.73, "direction": "buy", "amount": 0.1}, {"trade_seq": 615, "trade_id": "137656306", "timestamp": 1616411938315, "tick_direction": 2, "price": 0.0005, "mark_price": 0.00101536, "iv": 83.0, "instrument_name": "BTC-26MAR21-70000-C", "index_price": 58025.45, "direction": "sell", "amount": 0.1}, {"trade_seq": 614, "trade_id": "137637445", "timestamp": 1616404771731, "tick_direction": 3, "price": 0.001, "mark_price": 0.00123676, "iv": 97.08, "instrument_name": "BTC-26MAR21-70000-C", "index_price": 57208.77, "direction": "buy", "amount": 0.1}, {"trade_seq": 613, "trade_id": "137637444", "timestamp": 1616404771699, "tick_direction": 3, "price": 0.001, "mark_price": 0.00123676, "iv": 97.08, "instrument_name": "BTC-26MAR21-70000-C", "index_price": 57208.77, "direction": "sell", "amount": 2.2}, {"trade_seq": 612, "trade_id": "137637433", "timestamp": 1616404762348, "tick_direction": 3, "price": 0.001, "mark_price": 0.00122815, "iv": 97.22, "instrument_name": "BTC-26MAR21-70000-C", "index_price": 57189.69, "direction": "sell", "amount": 0.5}, {"trade_seq": 611, "trade_id": "137637432", "timestamp": 1616404762348, "tick_direction": 3, "price": 0.001, "mark_price": 0.00122815, "iv": 97.22, "instrument_name": "BTC-26MAR21-70000-C", "index_price": 57189.69, "direction": "sell", "amount": 30.0}, {"trade_seq": 610, "trade_id": "137637431", "timestamp": 1616404762348, "tick_direction": 3, "price": 0.001, "mark_price": 0.00122815, "iv": 97.22, "instrument_name": "BTC-26MAR21-70000-C", "index_price": 57189.69, "direction": "sell", "amount": 0.4}, {"trade_seq": 609, "trade_id": "137637430", "timestamp": 1616404762348, "tick_direction": 3, "price": 0.001, "mark_price": 0.00122815, "iv": 97.22, "instrument_name": "BTC-26MAR21-70000-C", "index_price": 57189.69, "direction": "sell", "amount": 0.3}, {"trade_seq": 608, "trade_id": "137631090", "timestamp": 1616401096647, "tick_direction": 3, "price": 0.001, "mark_price": 0.00129367, "iv": 93.14, "instrument_name": "BTC-26MAR21-70000-C", "index_price": 57687.55, "direction": "sell", "amount": 0.5}, {"trade_seq": 607, "trade_id": "137617728", "timestamp": 1616392690247, "tick_direction": 2, "price": 0.001, "mark_price": 0.00123164, "iv": 92.22, "instrument_name": "BTC-26MAR21-70000-C", "index_price": 57608.55, "direction": "sell", "amount": 0.2}, {"trade_seq": 606, "trade_id": "137512524", "timestamp": 1616332894046, "tick_direction": 0, "price": 0.002, "mark_price": 0.0015827, "iv": 101.1, "instrument_name": "BTC-26MAR21-70000-C", "index_price": 56971.3, "direction": "buy", "amount": 2.9}, {"trade_seq": 605, "trade_id": "137467412", "timestamp": 1616318577253, "tick_direction": 3, "price": 0.0015, "mark_price": 0.00179097, "iv": 93.1, "instrument_name": "BTC-26MAR21-70000-C", "index_price": 57141.98, "direction": "buy", "amount": 0.1}, {"trade_seq": 604, "trade_id": "137467411", "timestamp": 1616318577212, "tick_direction": 3, "price": 0.0015, "mark_price": 0.00179097, "iv": 93.1, "instrument_name": "BTC-26MAR21-70000-C", "index_price": 57141.98, "direction": "buy", "amount": 0.3}, {"trade_seq": 603, "trade_id": "137467395", "timestamp": 1616318556876, "tick_direction": 3, "price": 0.0015, "mark_price": 0.00179814, "iv": 93.04, "instrument_name": "BTC-26MAR21-70000-C", "index_price": 57152.21, "direction": "sell", "amount": 0.6}, {"trade_seq": 602, "trade_id": "137467381", "timestamp": 1616318540762, "tick_direction": 3, "price": 0.0015, "mark_price": 0.00181106, "iv": 92.93, "instrument_name": "BTC-26MAR21-70000-C", "index_price": 57162.81, "direction": "sell", "amount": 2.0}, {"trade_seq": 601, "trade_id": "137467373", "timestamp": 1616318526087, "tick_direction": 3, "price": 0.0015, "mark_price": 0.00178365, "iv": 93.13, "instrument_name": "BTC-26MAR21-70000-C", "index_price": 57131.46, "direction": "sell", "amount": 2.0}, {"trade_seq": 600, "trade_id": "137467310", "timestamp": 1616318523015, "tick_direction": 3, "price": 0.0015, "mark_price": 0.00178207, "iv": 93.23, "instrument_name": "BTC-26MAR21-70000-C", "index_price": 57116.21, "direction": "buy", "amount": 0.1}, {"trade_seq": 599, "trade_id": "137467308", "timestamp": 1616318522997, "tick_direction": 3, "price": 0.0015, "mark_price": 0.00178207, "iv": 93.23, "instrument_name": "BTC-26MAR21-70000-C", "index_price": 57116.21, "direction": "sell", "amount": 0.7}, {"trade_seq": 598, "trade_id": "137467307", "timestamp": 1616318522997, "tick_direction": 3, "price": 0.0015, "mark_price": 0.00178207, "iv": 93.23, "instrument_name": "BTC-26MAR21-70000-C", "index_price": 57116.21, "direction": "sell", "amount": 2.0}, {"trade_seq": 597, "trade_id": "137467297", "timestamp": 1616318510669, "tick_direction": 3, "price": 0.0015, "mark_price": 0.00178069, "iv": 93.23, "instrument_name": "BTC-26MAR21-70000-C", "index_price": 57114.73, "direction": "sell", "amount": 1.9}, {"trade_seq": 596, "trade_id": "137467288", "timestamp": 1616318504061, "tick_direction": 3, "price": 0.0015, "mark_price": 0.00178089, "iv": 93.26, "instrument_name": "BTC-26MAR21-70000-C", "index_price": 57112.14, "direction": "sell", "amount": 2.0}, {"trade_seq": 595, "trade_id": "137467287", "timestamp": 1616318504061, "tick_direction": 2, "price": 0.0015, "mark_price": 0.00178089, "iv": 93.26, "instrument_name": "BTC-26MAR21-70000-C", "index_price": 57112.14, "direction": "sell", "amount": 2.0}, {"trade_seq": 594, "trade_id": "137429397", "timestamp": 1616297536496, "tick_direction": 3, "price": 0.002, "mark_price": 0.00232258, "iv": 92.22, "instrument_name": "BTC-26MAR21-70000-C", "index_price": 57731.67, "direction": "sell", "amount": 0.1}, {"trade_seq": 593, "trade_id": "137429396", "timestamp": 1616297529441, "tick_direction": 3, "price": 0.002, "mark_price": 0.00232059, "iv": 92.24, "instrument_name": "BTC-26MAR21-70000-C", "index_price": 57730.71, "direction": "sell", "amount": 0.1}, {"trade_seq": 592, "trade_id": "137429395", "timestamp": 1616297524798, "tick_direction": 3, "price": 0.002, "mark_price": 0.00232215, "iv": 92.23, "instrument_name": "BTC-26MAR21-70000-C", "index_price": 57732.01, "direction": "sell", "amount": 0.1}, {"trade_seq": 591, "trade_id": "137429394", "timestamp": 1616297524695, "tick_direction": 3, "price": 0.002, "mark_price": 0.00232305, "iv": 92.23, "instrument_name": "BTC-26MAR21-70000-C", "index_price": 57732.01, "direction": "sell", "amount": 0.1}, {"trade_seq": 590, "trade_id": "137429393", "timestamp": 1616297519664, "tick_direction": 3, "price": 0.002, "mark_price": 0.00232309, "iv": 92.24, "instrument_name": "BTC-26MAR21-70000-C", "index_price": 57735.85, "direction": "sell", "amount": 0.1}, {"trade_seq": 589, "trade_id": "137429391", "timestamp": 1616297516240, "tick_direction": 3, "price": 0.002, "mark_price": 0.00232108, "iv": 92.25, "instrument_name": "BTC-26MAR21-70000-C", "index_price": 57732.92, "direction": "sell", "amount": 0.1}, {"trade_seq": 588, "trade_id": "137429389", "timestamp": 1616297512939, "tick_direction": 3, "price": 0.002, "mark_price": 0.0023201, "iv": 92.27, "instrument_name": "BTC-26MAR21-70000-C", "index_price": 57733.48, "direction": "sell", "amount": 0.1}, {"trade_seq": 587, "trade_id": "137429386", "timestamp": 1616297509709, "tick_direction": 3, "price": 0.002, "mark_price": 0.00232598, "iv": 92.23, "instrument_name": "BTC-26MAR21-70000-C", "index_price": 57738.38, "direction": "sell", "amount": 0.1}, {"trade_seq": 586, "trade_id": "137429385", "timestamp": 1616297509662, "tick_direction": 3, "price": 0.002, "mark_price": 0.00232598, "iv": 92.23, "instrument_name": "BTC-26MAR21-70000-C", "index_price": 57738.38, "direction": "sell", "amount": 0.1}, {"trade_seq": 585, "trade_id": "137429372", "timestamp": 1616297508320, "tick_direction": 3, "price": 0.002, "mark_price": 0.00232616, "iv": 92.23, "instrument_name": "BTC-26MAR21-70000-C", "index_price": 57741.88, "direction": "sell", "amount": 0.1}, {"trade_seq": 584, "trade_id": "137429371", "timestamp": 1616297508228, "tick_direction": 3, "price": 0.002, "mark_price": 0.00232616, "iv": 92.23, "instrument_name": "BTC-26MAR21-70000-C", "index_price": 57741.88, "direction": "sell", "amount": 0.1}, {"trade_seq": 583, "trade_id": "137429370", "timestamp": 1616297505962, "tick_direction": 3, "price": 0.002, "mark_price": 0.00232449, "iv": 92.24, "instrument_name": "BTC-26MAR21-70000-C", "index_price": 57740.74, "direction": "sell", "amount": 0.1}, {"trade_seq": 582, "trade_id": "137429369", "timestamp": 1616297505872, "tick_direction": 3, "price": 0.002, "mark_price": 0.00232449, "iv": 92.24, "instrument_name": "BTC-26MAR21-70000-C", "index_price": 57740.74, "direction": "sell", "amount": 0.1}, {"trade_seq": 581, "trade_id": "137429368", "timestamp": 1616297503614, "tick_direction": 3, "price": 0.002, "mark_price": 0.00232853, "iv": 92.24, "instrument_name": "BTC-26MAR21-70000-C", "index_price": 57740.92, "direction": "sell", "amount": 0.1}, {"trade_seq": 580, "trade_id": "137429367", "timestamp": 1616297503512, "tick_direction": 3, "price": 0.002, "mark_price": 0.00232853, "iv": 92.24, "instrument_name": "BTC-26MAR21-70000-C", "index_price": 57740.92, "direction": "sell", "amount": 0.2}, {"trade_seq": 579, "trade_id": "137429366", "timestamp": 1616297501148, "tick_direction": 3, "price": 0.002, "mark_price": 0.0023287, "iv": 92.21, "instrument_name": "BTC-26MAR21-70000-C", "index_price": 57745.93, "direction": "sell", "amount": 0.2}, {"trade_seq": 578, "trade_id": "137429364", "timestamp": 1616297498794, "tick_direction": 3, "price": 0.002, "mark_price": 0.0023327, "iv": 92.19, "instrument_name": "BTC-26MAR21-70000-C", "index_price": 57747.58, "direction": "sell", "amount": 0.1}, {"trade_seq": 577, "trade_id": "137429233", "timestamp": 1616297442156, "tick_direction": 3, "price": 0.002, "mark_price": 0.00233581, "iv": 92.24, "instrument_name": "BTC-26MAR21-70000-C", "index_price": 57723.05, "direction": "sell", "amount": 0.1}, {"trade_seq": 576, "trade_id": "137429230", "timestamp": 1616297441885, "tick_direction": 3, "price": 0.002, "mark_price": 0.00233581, "iv": 92.24, "instrument_name": "BTC-26MAR21-70000-C", "index_price": 57733.48, "direction": "sell", "amount": 0.1}, {"trade_seq": 575, "trade_id": "137429095", "timestamp": 1616297406191, "tick_direction": 3, "price": 0.002, "mark_price": 0.00235712, "iv": 92.15, "instrument_name": "BTC-26MAR21-70000-C", "index_price": 57754.05, "direction": "sell", "amount": 0.1}, {"trade_seq": 574, "trade_id": "137428996", "timestamp": 1616297357438, "tick_direction": 3, "price": 0.002, "mark_price": 0.00238745, "iv": 92.01, "instrument_name": "BTC-26MAR21-70000-C", "index_price": 57769.8, "direction": "sell", "amount": 0.1}, {"trade_seq": 573, "trade_id": "137428995", "timestamp": 1616297355033, "tick_direction": 3, "price": 0.002, "mark_price": 0.00238884, "iv": 92.0, "instrument_name": "BTC-26MAR21-70000-C", "index_price": 57769.9, "direction": "sell", "amount": 0.1}, {"trade_seq": 572, "trade_id": "137428970", "timestamp": 1616297345642, "tick_direction": 3, "price": 0.002, "mark_price": 0.00239365, "iv": 91.99, "instrument_name": "BTC-26MAR21-70000-C", "index_price": 57767.88, "direction": "sell", "amount": 0.1}, {"trade_seq": 571, "trade_id": "137428902", "timestamp": 1616297331532, "tick_direction": 3, "price": 0.002, "mark_price": 0.00239398, "iv": 92.02, "instrument_name": "BTC-26MAR21-70000-C", "index_price": 57760.75, "direction": "sell", "amount": 0.1}, {"trade_seq": 570, "trade_id": "137428760", "timestamp": 1616297308000, "tick_direction": 3, "price": 0.002, "mark_price": 0.00237957, "iv": 92.18, "instrument_name": "BTC-26MAR21-70000-C", "index_price": 57730.3, "direction": "sell", "amount": 0.2}, {"trade_seq": 569, "trade_id": "137428757", "timestamp": 1616297305645, "tick_direction": 3, "price": 0.002, "mark_price": 0.00238184, "iv": 92.17, "instrument_name": "BTC-26MAR21-70000-C", "index_price": 57729.77, "direction": "sell", "amount": 0.1}, {"trade_seq": 568, "trade_id": "137428700", "timestamp": 1616297300912, "tick_direction": 3, "price": 0.002, "mark_price": 0.00237374, "iv": 92.25, "instrument_name": "BTC-26MAR21-70000-C", "index_price": 57716.0, "direction": "sell", "amount": 0.2}, {"trade_seq": 567, "trade_id": "137428695", "timestamp": 1616297298592, "tick_direction": 3, "price": 0.002, "mark_price": 0.00237337, "iv": 92.25, "instrument_name": "BTC-26MAR21-70000-C", "index_price": 57715.81, "direction": "sell", "amount": 0.3}, {"trade_seq": 566, "trade_id": "137428688", "timestamp": 1616297296236, "tick_direction": 3, "price": 0.002, "mark_price": 0.00237155, "iv": 92.25, "instrument_name": "BTC-26MAR21-70000-C", "index_price": 57714.42, "direction": "sell", "amount": 0.6}, {"trade_seq": 565, "trade_id": "137428181", "timestamp": 1616297179643, "tick_direction": 3, "price": 0.002, "mark_price": 0.0023745, "iv": 92.48, "instrument_name": "BTC-26MAR21-70000-C", "index_price": 57644.82, "direction": "sell", "amount": 0.2}, {"trade_seq": 564, "trade_id": "137428157", "timestamp": 1616297179457, "tick_direction": 3, "price": 0.002, "mark_price": 0.0023745, "iv": 92.48, "instrument_name": "BTC-26MAR21-70000-C", "index_price": 57644.82, "direction": "sell", "amount": 0.4}, {"trade_seq": 563, "trade_id": "137428155", "timestamp": 1616297179289, "tick_direction": 2, "price": 0.002, "mark_price": 0.00237611, "iv": 92.48, "instrument_name": "BTC-26MAR21-70000-C", "index_price": 57644.82, "direction": "sell", "amount": 0.4}, {"trade_seq": 562, "trade_id": "137320494", "timestamp": 1616248425847, "tick_direction": 1, "price": 0.004, "mark_price": 0.00373453, "iv": 88.0, "instrument_name": "BTC-26MAR21-70000-C", "index_price": 59330.48, "direction": "buy", "amount": 18.3}, {"trade_seq": 561, "trade_id": "137318999", "timestamp": 1616248178760, "tick_direction": 1, "price": 0.004, "mark_price": 0.00383715, "iv": 87.13, "instrument_name": "BTC-26MAR21-70000-C", "index_price": 59450.88, "direction": "buy", "amount": 10.0}, {"trade_seq": 560, "trade_id": "137314622", "timestamp": 1616247300555, "tick_direction": 1, "price": 0.004, "mark_price": 0.00419367, "iv": 85.28, "instrument_name": "BTC-26MAR21-70000-C", "index_price": 59689.87, "direction": "sell", "amount": 1.0}, {"trade_seq": 559, "trade_id": "137307990", "timestamp": 1616246393973, "tick_direction": 1, "price": 0.004, "mark_price": 0.00421998, "iv": 84.98, "instrument_name": "BTC-26MAR21-70000-C", "index_price": 59774.69, "direction": "sell", "amount": 0.1}, {"trade_seq": 558, "trade_id": "137307779", "timestamp": 1616246382845, "tick_direction": 0, "price": 0.004, "mark_price": 0.00418463, "iv": 85.17, "instrument_name": "BTC-26MAR21-70000-C", "index_price": 59760.72, "direction": "sell", "amount": 0.5}, {"trade_seq": 557, "trade_id": "137291892", "timestamp": 1616241628897, "tick_direction": 1, "price": 0.0035, "mark_price": 0.00350037, "iv": 85.27, "instrument_name": "BTC-26MAR21-70000-C", "index_price": 59270.61, "direction": "buy", "amount": 0.1}, {"trade_seq": 556, "trade_id": "137291891", "timestamp": 1616241628699, "tick_direction": 0, "price": 0.0035, "mark_price": 0.00353025, "iv": 85.27, "instrument_name": "BTC-26MAR21-70000-C", "index_price": 59270.61, "direction": "buy", "amount": 0.6}, {"trade_seq": 555, "trade_id": "137276803", "timestamp": 1616230461275, "tick_direction": 3, "price": 0.0025, "mark_price": 0.00293157, "iv": 82.86, "instrument_name": "BTC-26MAR21-70000-C", "index_price": 58712.35, "direction": "sell", "amount": 0.1}, {"trade_seq": 554, "trade_id": "137276802", "timestamp": 1616230461235, "tick_direction": 3, "price": 0.0025, "mark_price": 0.00293157, "iv": 82.86, "instrument_name": "BTC-26MAR21-70000-C", "index_price": 58712.35, "direction": "sell", "amount": 0.2}, {"trade_seq": 553, "trade_id": "137276800", "timestamp": 1616230461112, "tick_direction": 3, "price": 0.0025, "mark_price": 0.00293533, "iv": 82.86, "instrument_name": "BTC-26MAR21-70000-C", "index_price": 58712.35, "direction": "sell", "amount": 0.3}, {"trade_seq": 552, "trade_id": "137276092", "timestamp": 1616229381928, "tick_direction": 3, "price": 0.0025, "mark_price": 0.00293853, "iv": 82.69, "instrument_name": "BTC-26MAR21-70000-C", "index_price": 58691.63, "direction": "sell", "amount": 1.0}, {"trade_seq": 551, "trade_id": "137276091", "timestamp": 1616229381928, "tick_direction": 2, "price": 0.0025, "mark_price": 0.00293853, "iv": 82.69, "instrument_name": "BTC-26MAR21-70000-C", "index_price": 58691.63, "direction": "sell", "amount": 1.0}, {"trade_seq": 550, "trade_id": "137272589", "timestamp": 1616227342384, "tick_direction": 1, "price": 0.0035, "mark_price": 0.00341836, "iv": 88.25, "instrument_name": "BTC-26MAR21-70000-C", "index_price": 58776.25, "direction": "sell", "amount": 1.7}, {"trade_seq": 549, "trade_id": "137272588", "timestamp": 1616227340172, "tick_direction": 1, "price": 0.0035, "mark_price": 0.00342178, "iv": 88.22, "instrument_name": "BTC-26MAR21-70000-C", "index_price": 58782.0, "direction": "sell", "amount": 2.8}, {"trade_seq": 548, "trade_id": "137272581", "timestamp": 1616227338330, "tick_direction": 1, "price": 0.0035, "mark_price": 0.00340866, "iv": 88.21, "instrument_name": "BTC-26MAR21-70000-C", "index_price": 58784.19, "direction": "sell", "amount": 2.8}, {"trade_seq": 547, "trade_id": "137272576", "timestamp": 1616227336295, "tick_direction": 1, "price": 0.0035, "mark_price": 0.00339882, "iv": 88.35, "instrument_name": "BTC-26MAR21-70000-C", "index_price": 58772.22, "direction": "sell", "amount": 2.8}, {"trade_seq": 546, "trade_id": "137272575", "timestamp": 1616227333660, "tick_direction": 1, "price": 0.0035, "mark_price": 0.0033884, "iv": 88.41, "instrument_name": "BTC-26MAR21-70000-C", "index_price": 58766.14, "direction": "sell", "amount": 2.8}, {"trade_seq": 545, "trade_id": "137272525", "timestamp": 1616227318032, "tick_direction": 0, "price": 0.0035, "mark_price": 0.00339452, "iv": 88.36, "instrument_name": "BTC-26MAR21-70000-C", "index_price": 58797.32, "direction": "buy", "amount": 0.1}, {"trade_seq": 544, "trade_id": "137265489", "timestamp": 1616220805793, "tick_direction": 0, "price": 0.0029, "mark_price": 0.00271078, "iv": 88.04, "instrument_name": "BTC-26MAR21-70000-C", "index_price": 58178.04, "direction": "buy", "block_trade_id": "9541", "amount": 15.0}, {"trade_seq": 543, "trade_id": "137260598", "timestamp": 1616215678676, "tick_direction": 2, "price": 0.002, "mark_price": 0.00257241, "iv": 80.51, "instrument_name": "BTC-26MAR21-70000-C", "index_price": 58299.87, "direction": "sell", "amount": 0.1}, {"trade_seq": 542, "trade_id": "137249858", "timestamp": 1616205598523, "tick_direction": 2, "price": 0.0035, "mark_price": 0.00331828, "iv": 86.58, "instrument_name": "BTC-26MAR21-70000-C", "index_price": 58745.18, "direction": "buy", "amount": 0.1}, {"trade_seq": 541, "trade_id": "137182961", "timestamp": 1616166034545, "tick_direction": 1, "price": 0.005, "mark_price": 0.00462808, "iv": 90.52, "instrument_name": "BTC-26MAR21-70000-C", "index_price": 58782.19, "direction": "buy", "amount": 1.2}, {"trade_seq": 540, "trade_id": "137182959", "timestamp": 1616166030947, "tick_direction": 1, "price": 0.005, "mark_price": 0.00462795, "iv": 90.52, "instrument_name": "BTC-26MAR21-70000-C", "index_price": 58781.79, "direction": "buy", "amount": 5.0}, {"trade_seq": 539, "trade_id": "137182958", "timestamp": 1616166030947, "tick_direction": 1, "price": 0.005, "mark_price": 0.00462795, "iv": 90.52, "instrument_name": "BTC-26MAR21-70000-C", "index_price": 58781.79, "direction": "buy", "amount": 4.9}, {"trade_seq": 538, "trade_id": "137181867", "timestamp": 1616165361003, "tick_direction": 0, "price": 0.005, "mark_price": 0.00447451, "iv": 91.4, "instrument_name": "BTC-26MAR21-70000-C", "index_price": 58649.6, "direction": "buy", "amount": 0.1}, {"trade_seq": 537, "trade_id": "137179833", "timestamp": 1616164765620, "tick_direction": 2, "price": 0.0045, "mark_price": 0.00443065, "iv": 89.85, "instrument_name": "BTC-26MAR21-70000-C", "index_price": 58517.35, "direction": "buy", "amount": 5.0}, {"trade_seq": 536, "trade_id": "137161252", "timestamp": 1616158882362, "tick_direction": 0, "price": 0.005, "mark_price": 0.004644, "iv": 90.93, "instrument_name": "BTC-26MAR21-70000-C", "index_price": 58575.73, "direction": "buy", "amount": 10.0}, {"trade_seq": 535, "trade_id": "137142663", "timestamp": 1616153258967, "tick_direction": 3, "price": 0.004, "mark_price": 0.00459771, "iv": 86.32, "instrument_name": "BTC-26MAR21-70000-C", "index_price": 58534.36, "direction": "sell", "amount": 0.1}, {"trade_seq": 534, "trade_id": "137142662", "timestamp": 1616153258967, "tick_direction": 2, "price": 0.004, "mark_price": 0.00459771, "iv": 86.32, "instrument_name": "BTC-26MAR21-70000-C", "index_price": 58534.36, "direction": "sell", "amount": 1.0}, {"trade_seq": 533, "trade_id": "137136745", "timestamp": 1616150943602, "tick_direction": 0, "price": 0.0045, "mark_price": 0.0041925, "iv": 89.62, "instrument_name": "BTC-26MAR21-70000-C", "index_price": 58374.2, "direction": "buy", "amount": 0.1}, {"trade_seq": 532, "trade_id": "137132787", "timestamp": 1616147920510, "tick_direction": 2, "price": 0.0001, "mark_price": 0.00409182, "iv": 49.34, "instrument_name": "BTC-26MAR21-70000-C", "index_price": 58318.33, "direction": "sell", "block_trade_id": "9492", "amount": 28.0}, {"trade_seq": 531, "trade_id": "137116991", "timestamp": 1616141463781, "tick_direction": 3, "price": 0.004, "mark_price": 0.00472604, "iv": 86.82, "instrument_name": "BTC-26MAR21-70000-C", "index_price": 58291.9, "direction": "sell", "amount": 1.0}, {"trade_seq": 530, "trade_id": "137115978", "timestamp": 1616141372826, "tick_direction": 3, "price": 0.004, "mark_price": 0.00411164, "iv": 89.66, "instrument_name": "BTC-26MAR21-70000-C", "index_price": 57946.57, "direction": "buy", "amount": 1.0}, {"trade_seq": 529, "trade_id": "137115704", "timestamp": 1616141318061, "tick_direction": 2, "price": 0.004, "mark_price": 0.00391803, "iv": 90.71, "instrument_name": "BTC-26MAR21-70000-C", "index_price": 57773.03, "direction": "buy", "amount": 2.0}, {"trade_seq": 528, "trade_id": "137097781", "timestamp": 1616133220834, "tick_direction": 0, "price": 0.0055, "mark_price": 0.00511054, "iv": 93.67, "instrument_name": "BTC-26MAR21-70000-C", "index_price": 58325.65, "direction": "buy", "amount": 3.0}, {"trade_seq": 527, "trade_id": "137086601", "timestamp": 1616127396924, "tick_direction": 0, "price": 0.005, "mark_price": 0.0047826, "iv": 94.57, "instrument_name": "BTC-26MAR21-70000-C", "index_price": 57755.92, "direction": "buy", "amount": 1.7}, {"trade_seq": 526, "trade_id": "137085868", "timestamp": 1616126938832, "tick_direction": 3, "price": 0.0045, "mark_price": 0.00470618, "iv": 92.6, "instrument_name": "BTC-26MAR21-70000-C", "index_price": 57695.94, "direction": "sell", "amount": 0.1}, {"trade_seq": 525, "trade_id": "137085867", "timestamp": 1616126938829, "tick_direction": 3, "price": 0.0045, "mark_price": 0.00470618, "iv": 92.6, "instrument_name": "BTC-26MAR21-70000-C", "index_price": 57695.94, "direction": "sell", "amount": 0.2}, {"trade_seq": 524, "trade_id": "137069848", "timestamp": 1616118217108, "tick_direction": 2, "price": 0.0045, "mark_price": 0.00415083, "iv": 95.21, "instrument_name": "BTC-26MAR21-70000-C", "index_price": 57193.26, "direction": "buy", "amount": 0.1}, {"trade_seq": 523, "trade_id": "137036407", "timestamp": 1616105537635, "tick_direction": 2, "price": 0.005, "mark_price": 0.00565756, "iv": 91.64, "instrument_name": "BTC-26MAR21-70000-C", "index_price": 57997.03, "direction": "sell", "amount": 0.5}, {"trade_seq": 522, "trade_id": "137024596", "timestamp": 1616099396696, "tick_direction": 0, "price": 0.006, "mark_price": 0.0053742, "iv": 97.06, "instrument_name": "BTC-26MAR21-70000-C", "index_price": 57675.8, "direction": "buy", "amount": 0.5}, {"trade_seq": 521, "trade_id": "137013136", "timestamp": 1616097206350, "tick_direction": 3, "price": 0.0055, "mark_price": 0.00524735, "iv": 96.88, "instrument_name": "BTC-26MAR21-70000-C", "index_price": 57360.75, "direction": "sell", "amount": 0.6}, {"trade_seq": 520, "trade_id": "137013071", "timestamp": 1616097205821, "tick_direction": 3, "price": 0.0055, "mark_price": 0.00524735, "iv": 96.88, "instrument_name": "BTC-26MAR21-70000-C", "index_price": 57360.75, "direction": "sell", "amount": 0.1}, {"trade_seq": 519, "trade_id": "137012785", "timestamp": 1616097203296, "tick_direction": 3, "price": 0.0055, "mark_price": 0.00542485, "iv": 95.92, "instrument_name": "BTC-26MAR21-70000-C", "index_price": 57504.44, "direction": "sell", "amount": 0.2}, {"trade_seq": 518, "trade_id": "137012619", "timestamp": 1616097202517, "tick_direction": 2, "price": 0.0055, "mark_price": 0.00542485, "iv": 95.88, "instrument_name": "BTC-26MAR21-70000-C", "index_price": 57503.17, "direction": "sell", "amount": 0.1}, {"trade_seq": 517, "trade_id": "136979926", "timestamp": 1616086930524, "tick_direction": 3, "price": 0.008, "mark_price": 0.00816526, "iv": 92.75, "instrument_name": "BTC-26MAR21-70000-C", "index_price": 59267.73, "direction": "buy", "amount": 0.9}, {"trade_seq": 516, "trade_id": "136979925", "timestamp": 1616086929474, "tick_direction": 3, "price": 0.008, "mark_price": 0.00816462, "iv": 92.77, "instrument_name": "BTC-26MAR21-70000-C", "index_price": 59263.66, "direction": "buy", "amount": 0.1}, {"trade_seq": 515, "trade_id": "136979882", "timestamp": 1616086918793, "tick_direction": 3, "price": 0.008, "mark_price": 0.00815762, "iv": 92.81, "instrument_name": "BTC-26MAR21-70000-C", "index_price": 59266.79, "direction": "buy", "amount": 0.2}, {"trade_seq": 514, "trade_id": "136979863", "timestamp": 1616086915917, "tick_direction": 3, "price": 0.008, "mark_price": 0.00813068, "iv": 92.9, "instrument_name": "BTC-26MAR21-70000-C", "index_price": 59254.56, "direction": "buy", "amount": 0.1}, {"trade_seq": 513, "trade_id": "136979861", "timestamp": 1616086915846, "tick_direction": 3, "price": 0.008, "mark_price": 0.00813068, "iv": 92.9, "instrument_name": "BTC-26MAR21-70000-C", "index_price": 59254.56, "direction": "buy", "amount": 0.4}, {"trade_seq": 512, "trade_id": "136979860", "timestamp": 1616086915845, "tick_direction": 3, "price": 0.008, "mark_price": 0.00813068, "iv": 92.9, "instrument_name": "BTC-26MAR21-70000-C", "index_price": 59254.56, "direction": "buy", "amount": 0.3}, {"trade_seq": 511, "trade_id": "136979833", "timestamp": 1616086908818, "tick_direction": 3, "price": 0.008, "mark_price": 0.008108, "iv": 92.97, "instrument_name": "BTC-26MAR21-70000-C", "index_price": 59244.27, "direction": "buy", "amount": 1.0}, {"trade_seq": 510, "trade_id": "136979760", "timestamp": 1616086879516, "tick_direction": 3, "price": 0.008, "mark_price": 0.00808267, "iv": 93.1, "instrument_name": "BTC-26MAR21-70000-C", "index_price": 59220.27, "direction": "buy", "amount": 0.1}, {"trade_seq": 509, "trade_id": "136979742", "timestamp": 1616086871830, "tick_direction": 3, "price": 0.008, "mark_price": 0.00802243, "iv": 93.23, "instrument_name": "BTC-26MAR21-70000-C", "index_price": 59203.47, "direction": "buy", "amount": 0.3}, {"trade_seq": 508, "trade_id": "136979669", "timestamp": 1616086853363, "tick_direction": 3, "price": 0.008, "mark_price": 0.00795789, "iv": 93.58, "instrument_name": "BTC-26MAR21-70000-C", "index_price": 59155.38, "direction": "buy", "amount": 0.3}, {"trade_seq": 507, "trade_id": "136979641", "timestamp": 1616086846332, "tick_direction": 3, "price": 0.008, "mark_price": 0.00791618, "iv": 93.73, "instrument_name": "BTC-26MAR21-70000-C", "index_price": 59129.52, "direction": "buy", "amount": 0.2}, {"trade_seq": 506, "trade_id": "136979625", "timestamp": 1616086839106, "tick_direction": 2, "price": 0.008, "mark_price": 0.00793844, "iv": 93.67, "instrument_name": "BTC-26MAR21-70000-C", "index_price": 59131.64, "direction": "buy", "amount": 0.2}, {"trade_seq": 505, "trade_id": "136979316", "timestamp": 1616086802037, "tick_direction": 1, "price": 0.009, "mark_price": 0.00779534, "iv": 97.38, "instrument_name": "BTC-26MAR21-70000-C", "index_price": 59042.99, "direction": "buy", "amount": 1.1}, {"trade_seq": 504, "trade_id": "136979315", "timestamp": 1616086802037, "tick_direction": 0, "price": 0.009, "mark_price": 0.00779534, "iv": 97.38, "instrument_name": "BTC-26MAR21-70000-C", "index_price": 59042.99, "direction": "buy", "amount": 3.0}, {"trade_seq": 503, "trade_id": "136977548", "timestamp": 1616086577977, "tick_direction": 3, "price": 0.008, "mark_price": 0.00796259, "iv": 93.12, "instrument_name": "BTC-26MAR21-70000-C", "index_price": 59189.26, "direction": "buy", "amount": 0.1}, {"trade_seq": 502, "trade_id": "136977381", "timestamp": 1616086571609, "tick_direction": 3, "price": 0.008, "mark_price": 0.00800923, "iv": 92.98, "instrument_name": "BTC-26MAR21-70000-C", "index_price": 59244.5, "direction": "buy", "amount": 0.4}, {"trade_seq": 501, "trade_id": "136977351", "timestamp": 1616086568333, "tick_direction": 2, "price": 0.008, "mark_price": 0.00800872, "iv": 92.98, "instrument_name": "BTC-26MAR21-70000-C", "index_price": 59226.44, "direction": "buy", "amount": 0.5}, {"trade_seq": 500, "trade_id": "136975983", "timestamp": 1616086340396, "tick_direction": 3, "price": 0.0085, "mark_price": 0.00834297, "iv": 93.4, "instrument_name": "BTC-26MAR21-70000-C", "index_price": 59440.25, "direction": "buy", "amount": 0.9}, {"trade_seq": 499, "trade_id": "136975515", "timestamp": 1616086271982, "tick_direction": 2, "price": 0.0085, "mark_price": 0.00868747, "iv": 92.36, "instrument_name": "BTC-26MAR21-70000-C", "index_price": 59596.71, "direction": "buy", "amount": 1.1}, {"trade_seq": 498, "trade_id": "136969563", "timestamp": 1616085431927, "tick_direction": 1, "price": 0.009, "mark_price": 0.00897319, "iv": 92.13, "instrument_name": "BTC-26MAR21-70000-C", "index_price": 59846.5, "direction": "buy", "amount": 0.2}, {"trade_seq": 497, "trade_id": "136969542", "timestamp": 1616085430022, "tick_direction": 0, "price": 0.009, "mark_price": 0.00896709, "iv": 92.22, "instrument_name": "BTC-26MAR21-70000-C", "index_price": 59835.96, "direction": "buy", "amount": 0.3}, {"trade_seq": 496, "trade_id": "136967189", "timestamp": 1616084459831, "tick_direction": 2, "price": 0.0085, "mark_price": 0.0089469, "iv": 91.11, "instrument_name": "BTC-26MAR21-70000-C", "index_price": 59773.92, "direction": "sell", "amount": 0.5}, {"trade_seq": 495, "trade_id": "136961896", "timestamp": 1616083367320, "tick_direction": 0, "price": 0.0095, "mark_price": 0.00906894, "iv": 93.39, "instrument_name": "BTC-26MAR21-70000-C", "index_price": 59858.42, "direction": "buy", "amount": 0.3}, {"trade_seq": 494, "trade_id": "136946108", "timestamp": 1616081649051, "tick_direction": 1, "price": 0.0065, "mark_price": 0.00636539, "iv": 91.51, "instrument_name": "BTC-26MAR21-70000-C", "index_price": 58603.12, "direction": "buy", "amount": 5.0}, {"trade_seq": 493, "trade_id": "136946107", "timestamp": 1616081649051, "tick_direction": 0, "price": 0.0065, "mark_price": 0.00636539, "iv": 91.51, "instrument_name": "BTC-26MAR21-70000-C", "index_price": 58603.12, "direction": "buy", "amount": 3.0}, {"trade_seq": 492, "trade_id": "136917141", "timestamp": 1616070830010, "tick_direction": 1, "price": 0.006, "mark_price": 0.00598296, "iv": 95.1, "instrument_name": "BTC-26MAR21-70000-C", "index_price": 57605.59, "direction": "sell", "amount": 1.5}, {"trade_seq": 491, "trade_id": "136917124", "timestamp": 1616070824692, "tick_direction": 1, "price": 0.006, "mark_price": 0.00598872, "iv": 95.07, "instrument_name": "BTC-26MAR21-70000-C", "index_price": 57609.19, "direction": "sell", "amount": 0.2}, {"trade_seq": 490, "trade_id": "136915441", "timestamp": 1616070260701, "tick_direction": 1, "price": 0.006, "mark_price": 0.00611327, "iv": 93.65, "instrument_name": "BTC-26MAR21-70000-C", "index_price": 57848.52, "direction": "sell", "amount": 0.3}, {"trade_seq": 489, "trade_id": "136915067", "timestamp": 1616070078071, "tick_direction": 0, "price": 0.006, "mark_price": 0.00608123, "iv": 93.6, "instrument_name": "BTC-26MAR21-70000-C", "index_price": 57852.3, "direction": "sell", "amount": 1.0}, {"trade_seq": 488, "trade_id": "136906661", "timestamp": 1616067338849, "tick_direction": 2, "price": 0.0055, "mark_price": 0.00625478, "iv": 90.62, "instrument_name": "BTC-26MAR21-70000-C", "index_price": 58001.42, "direction": "sell", "amount": 1.0}, {"trade_seq": 487, "trade_id": "136906145", "timestamp": 1616067173012, "tick_direction": 3, "price": 0.0065, "mark_price": 0.00656489, "iv": 93.71, "instrument_name": "BTC-26MAR21-70000-C", "index_price": 58110.8, "direction": "sell", "amount": 0.1}, {"trade_seq": 486, "trade_id": "136906143", "timestamp": 1616067172921, "tick_direction": 3, "price": 0.0065, "mark_price": 0.00656489, "iv": 93.71, "instrument_name": "BTC-26MAR21-70000-C", "index_price": 58110.8, "direction": "sell", "amount": 0.1}, {"trade_seq": 485, "trade_id": "136906132", "timestamp": 1616067170409, "tick_direction": 3, "price": 0.0065, "mark_price": 0.00657457, "iv": 93.63, "instrument_name": "BTC-26MAR21-70000-C", "index_price": 58120.83, "direction": "sell", "amount": 0.1}, {"trade_seq": 484, "trade_id": "136906124", "timestamp": 1616067167290, "tick_direction": 3, "price": 0.0065, "mark_price": 0.00659109, "iv": 93.57, "instrument_name": "BTC-26MAR21-70000-C", "index_price": 58130.97, "direction": "sell", "amount": 0.1}, {"trade_seq": 483, "trade_id": "136905940", "timestamp": 1616067120282, "tick_direction": 3, "price": 0.0065, "mark_price": 0.00658559, "iv": 93.52, "instrument_name": "BTC-26MAR21-70000-C", "index_price": 58152.86, "direction": "sell", "amount": 0.1}, {"trade_seq": 482, "trade_id": "136904675", "timestamp": 1616066524831, "tick_direction": 3, "price": 0.0065, "mark_price": 0.00673442, "iv": 93.12, "instrument_name": "BTC-26MAR21-70000-C", "index_price": 58179.71, "direction": "sell", "amount": 0.1}, {"trade_seq": 481, "trade_id": "136904664", "timestamp": 1616066524543, "tick_direction": 3, "price": 0.0065, "mark_price": 0.00673442, "iv": 93.12, "instrument_name": "BTC-26MAR21-70000-C", "index_price": 58179.71, "direction": "sell", "amount": 0.1}, {"trade_seq": 480, "trade_id": "136904489", "timestamp": 1616066503199, "tick_direction": 3, "price": 0.0065, "mark_price": 0.00675342, "iv": 92.99, "instrument_name": "BTC-26MAR21-70000-C", "index_price": 58222.37, "direction": "sell", "amount": 0.1}, {"trade_seq": 479, "trade_id": "136904426", "timestamp": 1616066471035, "tick_direction": 3, "price": 0.0065, "mark_price": 0.00673969, "iv": 92.98, "instrument_name": "BTC-26MAR21-70000-C", "index_price": 58225.67, "direction": "sell", "amount": 0.1}, {"trade_seq": 478, "trade_id": "136904424", "timestamp": 1616066470930, "tick_direction": 3, "price": 0.0065, "mark_price": 0.00673969, "iv": 92.98, "instrument_name": "BTC-26MAR21-70000-C", "index_price": 58225.67, "direction": "sell", "amount": 0.1}, {"trade_seq": 477, "trade_id": "136894468", "timestamp": 1616059588375, "tick_direction": 3, "price": 0.0065, "mark_price": 0.00671189, "iv": 92.28, "instrument_name": "BTC-26MAR21-70000-C", "index_price": 58252.02, "direction": "buy", "amount": 3.0}, {"trade_seq": 476, "trade_id": "136894427", "timestamp": 1616059522521, "tick_direction": 3, "price": 0.0065, "mark_price": 0.00670322, "iv": 92.42, "instrument_name": "BTC-26MAR21-70000-C", "index_price": 58243.89, "direction": "buy", "amount": 0.1}, {"trade_seq": 475, "trade_id": "136894426", "timestamp": 1616059522521, "tick_direction": 3, "price": 0.0065, "mark_price": 0.00670322, "iv": 92.42, "instrument_name": "BTC-26MAR21-70000-C", "index_price": 58243.89, "direction": "buy", "amount": 0.9}, {"trade_seq": 474, "trade_id": "136893164", "timestamp": 1616059077974, "tick_direction": 3, "price": 0.0065, "mark_price": 0.00664738, "iv": 93.33, "instrument_name": "BTC-26MAR21-70000-C", "index_price": 58106.66, "direction": "buy", "amount": 0.1}, {"trade_seq": 473, "trade_id": "136893163", "timestamp": 1616059077932, "tick_direction": 3, "price": 0.0065, "mark_price": 0.00664738, "iv": 93.33, "instrument_name": "BTC-26MAR21-70000-C", "index_price": 58106.66, "direction": "buy", "amount": 0.2}, {"trade_seq": 472, "trade_id": "136893156", "timestamp": 1616059077305, "tick_direction": 3, "price": 0.0065, "mark_price": 0.00664661, "iv": 93.34, "instrument_name": "BTC-26MAR21-70000-C", "index_price": 58093.18, "direction": "buy", "amount": 0.1}, {"trade_seq": 471, "trade_id": "136893149", "timestamp": 1616059072040, "tick_direction": 3, "price": 0.0065, "mark_price": 0.00664068, "iv": 93.37, "instrument_name": "BTC-26MAR21-70000-C", "index_price": 58090.18, "direction": "buy", "amount": 0.1}, {"trade_seq": 470, "trade_id": "136893145", "timestamp": 1616059067872, "tick_direction": 3, "price": 0.0065, "mark_price": 0.00663765, "iv": 93.39, "instrument_name": "BTC-26MAR21-70000-C", "index_price": 58086.3, "direction": "buy", "amount": 0.1}, {"trade_seq": 469, "trade_id": "136893134", "timestamp": 1616059056984, "tick_direction": 3, "price": 0.0065, "mark_price": 0.00663146, "iv": 93.44, "instrument_name": "BTC-26MAR21-70000-C", "index_price": 58079.03, "direction": "buy", "amount": 0.1}, {"trade_seq": 468, "trade_id": "136893130", "timestamp": 1616059056514, "tick_direction": 3, "price": 0.0065, "mark_price": 0.00663306, "iv": 93.44, "instrument_name": "BTC-26MAR21-70000-C", "index_price": 58078.6, "direction": "buy", "amount": 0.1}, {"trade_seq": 467, "trade_id": "136893129", "timestamp": 1616059056474, "tick_direction": 3, "price": 0.0065, "mark_price": 0.00663306, "iv": 93.44, "instrument_name": "BTC-26MAR21-70000-C", "index_price": 58078.6, "direction": "buy", "amount": 0.3}, {"trade_seq": 466, "trade_id": "136893125", "timestamp": 1616059049147, "tick_direction": 3, "price": 0.0065, "mark_price": 0.00662285, "iv": 93.49, "instrument_name": "BTC-26MAR21-70000-C", "index_price": 58076.93, "direction": "buy", "amount": 0.1}, {"trade_seq": 465, "trade_id": "136893122", "timestamp": 1616059048156, "tick_direction": 3, "price": 0.0065, "mark_price": 0.0066241, "iv": 93.49, "instrument_name": "BTC-26MAR21-70000-C", "index_price": 58071.03, "direction": "buy", "amount": 0.1}, {"trade_seq": 464, "trade_id": "136893121", "timestamp": 1616059048062, "tick_direction": 3, "price": 0.0065, "mark_price": 0.0066241, "iv": 93.49, "instrument_name": "BTC-26MAR21-70000-C", "index_price": 58071.03, "direction": "buy", "amount": 0.1}, {"trade_seq": 463, "trade_id": "136893120", "timestamp": 1616059047956, "tick_direction": 3, "price": 0.0065, "mark_price": 0.0066241, "iv": 93.49, "instrument_name": "BTC-26MAR21-70000-C", "index_price": 58071.03, "direction": "buy", "amount": 0.4}, {"trade_seq": 462, "trade_id": "136893116", "timestamp": 1616059042676, "tick_direction": 3, "price": 0.0065, "mark_price": 0.00662149, "iv": 93.51, "instrument_name": "BTC-26MAR21-70000-C", "index_price": 58066.24, "direction": "buy", "amount": 0.1}, {"trade_seq": 461, "trade_id": "136893115", "timestamp": 1616059042634, "tick_direction": 3, "price": 0.0065, "mark_price": 0.00662149, "iv": 93.51, "instrument_name": "BTC-26MAR21-70000-C", "index_price": 58066.24, "direction": "buy", "amount": 0.1}, {"trade_seq": 460, "trade_id": "136893113", "timestamp": 1616059038822, "tick_direction": 2, "price": 0.0065, "mark_price": 0.00662145, "iv": 93.51, "instrument_name": "BTC-26MAR21-70000-C", "index_price": 58069.68, "direction": "buy", "amount": 5.0}, {"trade_seq": 459, "trade_id": "136876579", "timestamp": 1616052285568, "tick_direction": 3, "price": 0.0085, "mark_price": 0.00767296, "iv": 96.81, "instrument_name": "BTC-26MAR21-70000-C", "index_price": 58561.17, "direction": "buy", "amount": 0.1}, {"trade_seq": 458, "trade_id": "136866750", "timestamp": 1616045557692, "tick_direction": 3, "price": 0.0085, "mark_price": 0.00883392, "iv": 93.46, "instrument_name": "BTC-26MAR21-70000-C", "index_price": 58997.16, "direction": "buy", "amount": 0.3}, {"trade_seq": 457, "trade_id": "136866749", "timestamp": 1616045557692, "tick_direction": 3, "price": 0.0085, "mark_price": 0.00883392, "iv": 93.46, "instrument_name": "BTC-26MAR21-70000-C", "index_price": 58997.16, "direction": "buy", "amount": 0.1}, {"trade_seq": 456, "trade_id": "136866748", "timestamp": 1616045557691, "tick_direction": 3, "price": 0.0085, "mark_price": 0.00883392, "iv": 93.46, "instrument_name": "BTC-26MAR21-70000-C", "index_price": 58997.16, "direction": "buy", "amount": 0.6}, {"trade_seq": 455, "trade_id": "136864202", "timestamp": 1616043810210, "tick_direction": 3, "price": 0.0085, "mark_price": 0.00832081, "iv": 94.67, "instrument_name": "BTC-26MAR21-70000-C", "index_price": 58799.9, "direction": "buy", "amount": 0.8}, {"trade_seq": 454, "trade_id": "136863515", "timestamp": 1616043656793, "tick_direction": 2, "price": 0.0085, "mark_price": 0.00837654, "iv": 94.51, "instrument_name": "BTC-26MAR21-70000-C", "index_price": 58850.05, "direction": "buy", "amount": 1.0}, {"trade_seq": 453, "trade_id": "136840996", "timestamp": 1616030271537, "tick_direction": 3, "price": 0.01, "mark_price": 0.01053268, "iv": 96.07, "instrument_name": "BTC-26MAR21-70000-C", "index_price": 59160.16, "direction": "buy", "amount": 1.0}, {"trade_seq": 452, "trade_id": "136840995", "timestamp": 1616030271527, "tick_direction": 2, "price": 0.01, "mark_price": 0.01053268, "iv": 96.07, "instrument_name": "BTC-26MAR21-70000-C", "index_price": 59160.16, "direction": "sell", "amount": 1.0}, {"trade_seq": 451, "trade_id": "136832544", "timestamp": 1616027997172, "tick_direction": 0, "price": 0.011, "mark_price": 0.010238, "iv": 99.46, "instrument_name": "BTC-26MAR21-70000-C", "index_price": 59050.03, "direction": "buy", "amount": 0.1}, {"trade_seq": 450, "trade_id": "136825225", "timestamp": 1616026662754, "tick_direction": 2, "price": 0.01, "mark_price": 0.01086476, "iv": 94.96, "instrument_name": "BTC-26MAR21-70000-C", "index_price": 59286.4, "direction": "sell", "amount": 0.1}, {"trade_seq": 449, "trade_id": "136806558", "timestamp": 1616022555821, "tick_direction": 1, "price": 0.0105, "mark_price": 0.01027625, "iv": 100.69, "instrument_name": "BTC-26MAR21-70000-C", "index_price": 58614.38, "direction": "sell", "amount": 9.3}, {"trade_seq": 448, "trade_id": "136806550", "timestamp": 1616022542753, "tick_direction": 1, "price": 0.0105, "mark_price": 0.01025816, "iv": 100.71, "instrument_name": "BTC-26MAR21-70000-C", "index_price": 58608.63, "direction": "sell", "amount": 0.6}, {"trade_seq": 447, "trade_id": "136806549", "timestamp": 1616022542724, "tick_direction": 1, "price": 0.0105, "mark_price": 0.01025816, "iv": 100.71, "instrument_name": "BTC-26MAR21-70000-C", "index_price": 58608.63, "direction": "buy", "amount": 0.6}, {"trade_seq": 446, "trade_id": "136806548", "timestamp": 1616022542724, "tick_direction": 1, "price": 0.0105, "mark_price": 0.01025816, "iv": 100.71, "instrument_name": "BTC-26MAR21-70000-C", "index_price": 58608.63, "direction": "buy", "amount": 7.5}, {"trade_seq": 445, "trade_id": "136806546", "timestamp": 1616022535250, "tick_direction": 1, "price": 0.0105, "mark_price": 0.01025192, "iv": 100.74, "instrument_name": "BTC-26MAR21-70000-C", "index_price": 58603.62, "direction": "sell", "amount": 0.2}, {"trade_seq": 444, "trade_id": "136806545", "timestamp": 1616022535201, "tick_direction": 0, "price": 0.0105, "mark_price": 0.01025192, "iv": 100.74, "instrument_name": "BTC-26MAR21-70000-C", "index_price": 58603.62, "direction": "sell", "amount": 1.8}, {"trade_seq": 443, "trade_id": "136770600", "timestamp": 1616013841317, "tick_direction": 2, "price": 0.01, "mark_price": 0.01056996, "iv": 102.35, "instrument_name": "BTC-26MAR21-70000-C", "index_price": 58025.77, "direction": "sell", "amount": 0.5}, {"trade_seq": 442, "trade_id": "136750079", "timestamp": 1616009739559, "tick_direction": 0, "price": 0.011, "mark_price": 0.01091767, "iv": 105.4, "instrument_name": "BTC-26MAR21-70000-C", "index_price": 58038.79, "direction": "sell", "amount": 1.5}, {"trade_seq": 441, "trade_id": "136746407", "timestamp": 1616009364546, "tick_direction": 1, "price": 0.01, "mark_price": 0.01041097, "iv": 103.81, "instrument_name": "BTC-26MAR21-70000-C", "index_price": 57764.1, "direction": "sell", "amount": 0.5}, {"trade_seq": 440, "trade_id": "136743349", "timestamp": 1616008691130, "tick_direction": 1, "price": 0.01, "mark_price": 0.0106634, "iv": 103.88, "instrument_name": "BTC-26MAR21-70000-C", "index_price": 57750.37, "direction": "buy", "amount": 1.0}, {"trade_seq": 439, "trade_id": "136735395", "timestamp": 1616007556426, "tick_direction": 1, "price": 0.01, "mark_price": 0.0105936, "iv": 105.87, "instrument_name": "BTC-26MAR21-70000-C", "index_price": 57436.52, "direction": "buy", "amount": 2.0}, {"trade_seq": 438, "trade_id": "136733790", "timestamp": 1616007280080, "tick_direction": 1, "price": 0.01, "mark_price": 0.01074667, "iv": 105.93, "instrument_name": "BTC-26MAR21-70000-C", "index_price": 57397.91, "direction": "sell", "amount": 3.0}, {"trade_seq": 437, "trade_id": "136728899", "timestamp": 1616006505569, "tick_direction": 1, "price": 0.01, "mark_price": 0.01008399, "iv": 108.3, "instrument_name": "BTC-26MAR21-70000-C", "index_price": 57045.98, "direction": "buy", "amount": 0.2}, {"trade_seq": 436, "trade_id": "136728833", "timestamp": 1616006500367, "tick_direction": 1, "price": 0.01, "mark_price": 0.01000233, "iv": 108.56, "instrument_name": "BTC-26MAR21-70000-C", "index_price": 57012.34, "direction": "buy", "amount": 0.2}, {"trade_seq": 435, "trade_id": "136728794", "timestamp": 1616006498312, "tick_direction": 1, "price": 0.01, "mark_price": 0.01000481, "iv": 108.56, "instrument_name": "BTC-26MAR21-70000-C", "index_price": 57006.28, "direction": "buy", "amount": 0.2}, {"trade_seq": 434, "trade_id": "136728668", "timestamp": 1616006478361, "tick_direction": 1, "price": 0.01, "mark_price": 0.0099429, "iv": 108.77, "instrument_name": "BTC-26MAR21-70000-C", "index_price": 56969.48, "direction": "buy", "amount": 0.2}, {"trade_seq": 433, "trade_id": "136724986", "timestamp": 1616005387033, "tick_direction": 0, "price": 0.01, "mark_price": 0.00990779, "iv": 108.63, "instrument_name": "BTC-26MAR21-70000-C", "index_price": 56966.17, "direction": "buy", "amount": 0.2}, {"trade_seq": 432, "trade_id": "136721360", "timestamp": 1616004764649, "tick_direction": 1, "price": 0.009, "mark_price": 0.00919724, "iv": 107.86, "instrument_name": "BTC-26MAR21-70000-C", "index_price": 56584.51, "direction": "buy", "amount": 0.2}, {"trade_seq": 431, "trade_id": "136721276", "timestamp": 1616004761384, "tick_direction": 1, "price": 0.009, "mark_price": 0.00913569, "iv": 108.04, "instrument_name": "BTC-26MAR21-70000-C", "index_price": 56583.1, "direction": "buy", "amount": 0.2}, {"trade_seq": 430, "trade_id": "136721247", "timestamp": 1616004760812, "tick_direction": 1, "price": 0.009, "mark_price": 0.00912711, "iv": 108.12, "instrument_name": "BTC-26MAR21-70000-C", "index_price": 56561.17, "direction": "buy", "amount": 0.2}, {"trade_seq": 429, "trade_id": "136721206", "timestamp": 1616004760484, "tick_direction": 1, "price": 0.009, "mark_price": 0.00912711, "iv": 108.12, "instrument_name": "BTC-26MAR21-70000-C", "index_price": 56561.17, "direction": "buy", "amount": 0.2}, {"trade_seq": 428, "trade_id": "136721177", "timestamp": 1616004759606, "tick_direction": 0, "price": 0.009, "mark_price": 0.00912387, "iv": 108.16, "instrument_name": "BTC-26MAR21-70000-C", "index_price": 56549.51, "direction": "buy", "amount": 0.2}, {"trade_seq": 427, "trade_id": "136686344", "timestamp": 1615993798332, "tick_direction": 3, "price": 0.0065, "mark_price": 0.00682668, "iv": 108.27, "instrument_name": "BTC-26MAR21-70000-C", "index_price": 55001.13, "direction": "buy", "amount": 4.9}, {"trade_seq": 426, "trade_id": "136686125", "timestamp": 1615993792384, "tick_direction": 2, "price": 0.0065, "mark_price": 0.00677604, "iv": 108.52, "instrument_name": "BTC-26MAR21-70000-C", "index_price": 54955.17, "direction": "buy", "amount": 0.1}, {"trade_seq": 425, "trade_id": "136657046", "timestamp": 1615984605288, "tick_direction": 1, "price": 0.0075, "mark_price": 0.00752799, "iv": 109.86, "instrument_name": "BTC-26MAR21-70000-C", "index_price": 55207.85, "direction": "buy", "amount": 0.2}, {"trade_seq": 424, "trade_id": "136656999", "timestamp": 1615984601444, "tick_direction": 1, "price": 0.0075, "mark_price": 0.00751587, "iv": 109.93, "instrument_name": "BTC-26MAR21-70000-C", "index_price": 55196.74, "direction": "buy", "amount": 0.1}, {"trade_seq": 423, "trade_id": "136656908", "timestamp": 1615984542081, "tick_direction": 1, "price": 0.0075, "mark_price": 0.00743521, "iv": 110.31, "instrument_name": "BTC-26MAR21-70000-C", "index_price": 55149.66, "direction": "buy", "amount": 0.1}, {"trade_seq": 422, "trade_id": "136656907", "timestamp": 1615984536343, "tick_direction": 1, "price": 0.0075, "mark_price": 0.00742588, "iv": 110.35, "instrument_name": "BTC-26MAR21-70000-C", "index_price": 55144.5, "direction": "buy", "amount": 0.1}, {"trade_seq": 421, "trade_id": "136656899", "timestamp": 1615984532904, "tick_direction": 1, "price": 0.0075, "mark_price": 0.00741057, "iv": 110.4, "instrument_name": "BTC-26MAR21-70000-C", "index_price": 55140.55, "direction": "buy", "amount": 0.2}, {"trade_seq": 420, "trade_id": "136656662", "timestamp": 1615984486353, "tick_direction": 1, "price": 0.0075, "mark_price": 0.00742099, "iv": 110.44, "instrument_name": "BTC-26MAR21-70000-C", "index_price": 55124.59, "direction": "buy", "amount": 0.1}, {"trade_seq": 419, "trade_id": "136656652", "timestamp": 1615984477262, "tick_direction": 1, "price": 0.0075, "mark_price": 0.00744006, "iv": 110.39, "instrument_name": "BTC-26MAR21-70000-C", "index_price": 55134.23, "direction": "buy", "amount": 0.1}, {"trade_seq": 418, "trade_id": "136656542", "timestamp": 1615984449791, "tick_direction": 0, "price": 0.0075, "mark_price": 0.00735964, "iv": 110.7, "instrument_name": "BTC-26MAR21-70000-C", "index_price": 55081.28, "direction": "buy", "amount": 0.1}, {"trade_seq": 417, "trade_id": "136651795", "timestamp": 1615983475365, "tick_direction": 1, "price": 0.0065, "mark_price": 0.00658511, "iv": 110.21, "instrument_name": "BTC-26MAR21-70000-C", "index_price": 54526.64, "direction": "buy", "amount": 0.1}, {"trade_seq": 416, "trade_id": "136651794", "timestamp": 1615983475358, "tick_direction": 0, "price": 0.0065, "mark_price": 0.00658511, "iv": 110.21, "instrument_name": "BTC-26MAR21-70000-C", "index_price": 54526.64, "direction": "buy", "amount": 0.9}, {"trade_seq": 415, "trade_id": "136649872", "timestamp": 1615983303135, "tick_direction": 2, "price": 0.006, "mark_price": 0.00617493, "iv": 109.86, "instrument_name": "BTC-26MAR21-70000-C", "index_price": 54285.98, "direction": "sell", "amount": 0.5}, {"trade_seq": 414, "trade_id": "136640451", "timestamp": 1615981131040, "tick_direction": 0, "price": 0.0075, "mark_price": 0.00726151, "iv": 110.95, "instrument_name": "BTC-26MAR21-70000-C", "index_price": 54999.01, "direction": "buy", "amount": 0.5}, {"trade_seq": 413, "trade_id": "136639301", "timestamp": 1615980730248, "tick_direction": 2, "price": 0.006, "mark_price": 0.00681897, "iv": 106.82, "instrument_name": "BTC-26MAR21-70000-C", "index_price": 54716.71, "direction": "sell", "amount": 3.0}, {"trade_seq": 412, "trade_id": "136627961", "timestamp": 1615976147368, "tick_direction": 0, "price": 0.0075, "mark_price": 0.00728571, "iv": 110.61, "instrument_name": "BTC-26MAR21-70000-C", "index_price": 55026.28, "direction": "buy", "amount": 0.5}, {"trade_seq": 411, "trade_id": "136623171", "timestamp": 1615974807791, "tick_direction": 3, "price": 0.007, "mark_price": 0.00677299, "iv": 109.98, "instrument_name": "BTC-26MAR21-70000-C", "index_price": 54800.57, "direction": "sell", "amount": 0.3}, {"trade_seq": 410, "trade_id": "136623023", "timestamp": 1615974796116, "tick_direction": 3, "price": 0.007, "mark_price": 0.00676697, "iv": 109.92, "instrument_name": "BTC-26MAR21-70000-C", "index_price": 54810.53, "direction": "sell", "amount": 0.3}, {"trade_seq": 409, "trade_id": "136623013", "timestamp": 1615974793955, "tick_direction": 3, "price": 0.007, "mark_price": 0.00677628, "iv": 109.88, "instrument_name": "BTC-26MAR21-70000-C", "index_price": 54814.61, "direction": "sell", "amount": 0.2}, {"trade_seq": 408, "trade_id": "136623012", "timestamp": 1615974793887, "tick_direction": 3, "price": 0.007, "mark_price": 0.00677628, "iv": 109.88, "instrument_name": "BTC-26MAR21-70000-C", "index_price": 54814.61, "direction": "sell", "amount": 0.1}, {"trade_seq": 407, "trade_id": "136623010", "timestamp": 1615974793772, "tick_direction": 3, "price": 0.007, "mark_price": 0.00677535, "iv": 109.88, "instrument_name": "BTC-26MAR21-70000-C", "index_price": 54818.51, "direction": "sell", "amount": 0.3}, {"trade_seq": 406, "trade_id": "136623008", "timestamp": 1615974793732, "tick_direction": 2, "price": 0.007, "mark_price": 0.00677535, "iv": 109.88, "instrument_name": "BTC-26MAR21-70000-C", "index_price": 54818.51, "direction": "sell", "amount": 0.5}, {"trade_seq": 405, "trade_id": "136610429", "timestamp": 1615972947090, "tick_direction": 3, "price": 0.0075, "mark_price": 0.00798893, "iv": 106.75, "instrument_name": "BTC-26MAR21-70000-C", "index_price": 55583.0, "direction": "sell", "amount": 1.3}, {"trade_seq": 404, "trade_id": "136610428", "timestamp": 1615972947090, "tick_direction": 2, "price": 0.0075, "mark_price": 0.00798893, "iv": 106.75, "instrument_name": "BTC-26MAR21-70000-C", "index_price": 55583.0, "direction": "sell", "amount": 0.7}, {"trade_seq": 403, "trade_id": "136601033", "timestamp": 1615968442830, "tick_direction": 3, "price": 0.008, "mark_price": 0.00840295, "iv": 106.8, "instrument_name": "BTC-26MAR21-70000-C", "index_price": 55794.27, "direction": "sell", "amount": 1.9}, {"trade_seq": 402, "trade_id": "136601032", "timestamp": 1615968442830, "tick_direction": 3, "price": 0.008, "mark_price": 0.00840295, "iv": 106.8, "instrument_name": "BTC-26MAR21-70000-C", "index_price": 55794.27, "direction": "sell", "amount": 0.1}, {"trade_seq": 401, "trade_id": "136600339", "timestamp": 1615968083691, "tick_direction": 2, "price": 0.008, "mark_price": 0.00858561, "iv": 106.14, "instrument_name": "BTC-26MAR21-70000-C", "index_price": 55903.76, "direction": "sell", "amount": 2.0}, {"trade_seq": 400, "trade_id": "136594703", "timestamp": 1615965454672, "tick_direction": 0, "price": 0.009, "mark_price": 0.00914903, "iv": 107.7, "instrument_name": "BTC-26MAR21-70000-C", "index_price": 56142.34, "direction": "buy", "amount": 1.5}, {"trade_seq": 399, "trade_id": "136569797", "timestamp": 1615954532645, "tick_direction": 3, "price": 0.0075, "mark_price": 0.00823017, "iv": 105.33, "instrument_name": "BTC-26MAR21-70000-C", "index_price": 55626.64, "direction": "sell", "amount": 2.4}, {"trade_seq": 398, "trade_id": "136569796", "timestamp": 1615954532645, "tick_direction": 3, "price": 0.0075, "mark_price": 0.00823017, "iv": 105.33, "instrument_name": "BTC-26MAR21-70000-C", "index_price": 55626.64, "direction": "sell", "amount": 0.5}, {"trade_seq": 397, "trade_id": "136569180", "timestamp": 1615953987580, "tick_direction": 3, "price": 0.0075, "mark_price": 0.00834564, "iv": 105.15, "instrument_name": "BTC-26MAR21-70000-C", "index_price": 55664.47, "direction": "sell", "amount": 4.1}, {"trade_seq": 396, "trade_id": "136569179", "timestamp": 1615953987580, "tick_direction": 2, "price": 0.0075, "mark_price": 0.00834564, "iv": 105.15, "instrument_name": "BTC-26MAR21-70000-C", "index_price": 55664.47, "direction": "sell", "amount": 0.9}, {"trade_seq": 395, "trade_id": "136522887", "timestamp": 1615933266666, "tick_direction": 0, "price": 0.0105, "mark_price": 0.01083517, "iv": 107.45, "instrument_name": "BTC-26MAR21-70000-C", "index_price": 56628.87, "direction": "buy", "amount": 0.5}, {"trade_seq": 394, "trade_id": "136506557", "timestamp": 1615925091947, "tick_direction": 0, "price": 0.01, "mark_price": 0.01011187, "iv": 107.22, "instrument_name": "BTC-26MAR21-70000-C", "index_price": 56274.33, "direction": "buy", "amount": 5.0}, {"trade_seq": 393, "trade_id": "136505432", "timestamp": 1615925001209, "tick_direction": 0, "price": 0.0095, "mark_price": 0.00957169, "iv": 107.46, "instrument_name": "BTC-26MAR21-70000-C", "index_price": 55990.81, "direction": "buy", "amount": 1.0}, {"trade_seq": 392, "trade_id": "136502871", "timestamp": 1615923738631, "tick_direction": 1, "price": 0.009, "mark_price": 0.0091686, "iv": 107.99, "instrument_name": "BTC-26MAR21-70000-C", "index_price": 55656.62, "direction": "sell", "amount": 9.1}, {"trade_seq": 391, "trade_id": "136501285", "timestamp": 1615922584382, "tick_direction": 0, "price": 0.009, "mark_price": 0.00899164, "iv": 108.66, "instrument_name": "BTC-26MAR21-70000-C", "index_price": 55530.42, "direction": "buy", "amount": 1.0}, {"trade_seq": 390, "trade_id": "136454775", "timestamp": 1615904049369, "tick_direction": 3, "price": 0.0085, "mark_price": 0.00903108, "iv": 106.66, "instrument_name": "BTC-26MAR21-70000-C", "index_price": 55357.23, "direction": "sell", "amount": 0.1}, {"trade_seq": 389, "trade_id": "136454723", "timestamp": 1615904025428, "tick_direction": 3, "price": 0.0085, "mark_price": 0.00904491, "iv": 106.7, "instrument_name": "BTC-26MAR21-70000-C", "index_price": 55338.03, "direction": "sell", "amount": 0.1}, {"trade_seq": 388, "trade_id": "136454722", "timestamp": 1615904025287, "tick_direction": 3, "price": 0.0085, "mark_price": 0.0090491, "iv": 106.7, "instrument_name": "BTC-26MAR21-70000-C", "index_price": 55338.03, "direction": "sell", "amount": 0.4}, {"trade_seq": 387, "trade_id": "136454257", "timestamp": 1615903895040, "tick_direction": 3, "price": 0.0085, "mark_price": 0.00901022, "iv": 107.12, "instrument_name": "BTC-26MAR21-70000-C", "index_price": 55265.47, "direction": "sell", "amount": 0.1}, {"trade_seq": 386, "trade_id": "136454254", "timestamp": 1615903894906, "tick_direction": 3, "price": 0.0085, "mark_price": 0.00901022, "iv": 107.12, "instrument_name": "BTC-26MAR21-70000-C", "index_price": 55265.47, "direction": "sell", "amount": 0.1}, {"trade_seq": 385, "trade_id": "136454227", "timestamp": 1615903893738, "tick_direction": 3, "price": 0.0085, "mark_price": 0.00900913, "iv": 107.1, "instrument_name": "BTC-26MAR21-70000-C", "index_price": 55270.26, "direction": "sell", "amount": 0.2}, {"trade_seq": 384, "trade_id": "136454226", "timestamp": 1615903893685, "tick_direction": 2, "price": 0.0085, "mark_price": 0.00900913, "iv": 107.1, "instrument_name": "BTC-26MAR21-70000-C", "index_price": 55270.26, "direction": "sell", "amount": 0.2}, {"trade_seq": 383, "trade_id": "136447051", "timestamp": 1615901713039, "tick_direction": 1, "price": 0.01, "mark_price": 0.009955, "iv": 109.13, "instrument_name": "BTC-26MAR21-70000-C", "index_price": 55707.18, "direction": "sell", "amount": 2.0}, {"trade_seq": 382, "trade_id": "136412495", "timestamp": 1615890585227, "tick_direction": 1, "price": 0.01, "mark_price": 0.00941135, "iv": 109.11, "instrument_name": "BTC-26MAR21-70000-C", "index_price": 55658.32, "direction": "buy", "amount": 0.1}, {"trade_seq": 381, "trade_id": "136391657", "timestamp": 1615882576746, "tick_direction": 1, "price": 0.01, "mark_price": 0.01004603, "iv": 107.47, "instrument_name": "BTC-26MAR21-70000-C", "index_price": 55860.93, "direction": "buy", "amount": 0.1}, {"trade_seq": 380, "trade_id": "136391573", "timestamp": 1615882558414, "tick_direction": 1, "price": 0.01, "mark_price": 0.01004574, "iv": 107.6, "instrument_name": "BTC-26MAR21-70000-C", "index_price": 55837.28, "direction": "buy", "amount": 0.1}, {"trade_seq": 379, "trade_id": "136391533", "timestamp": 1615882555335, "tick_direction": 1, "price": 0.01, "mark_price": 0.01006946, "iv": 107.53, "instrument_name": "BTC-26MAR21-70000-C", "index_price": 55843.36, "direction": "buy", "amount": 0.1}, {"trade_seq": 378, "trade_id": "136391448", "timestamp": 1615882552883, "tick_direction": 1, "price": 0.01, "mark_price": 0.01005072, "iv": 107.53, "instrument_name": "BTC-26MAR21-70000-C", "index_price": 55852.93, "direction": "buy", "amount": 0.1}, {"trade_seq": 377, "trade_id": "136391445", "timestamp": 1615882552258, "tick_direction": 1, "price": 0.01, "mark_price": 0.0100247, "iv": 107.6, "instrument_name": "BTC-26MAR21-70000-C", "index_price": 55842.74, "direction": "buy", "amount": 0.1}, {"trade_seq": 376, "trade_id": "136391440", "timestamp": 1615882550515, "tick_direction": 1, "price": 0.01, "mark_price": 0.01002115, "iv": 107.69, "instrument_name": "BTC-26MAR21-70000-C", "index_price": 55831.63, "direction": "buy", "amount": 0.1}, {"trade_seq": 375, "trade_id": "136391386", "timestamp": 1615882548029, "tick_direction": 1, "price": 0.01, "mark_price": 0.00997153, "iv": 107.72, "instrument_name": "BTC-26MAR21-70000-C", "index_price": 55829.91, "direction": "buy", "amount": 0.2}, {"trade_seq": 374, "trade_id": "136391376", "timestamp": 1615882547666, "tick_direction": 1, "price": 0.01, "mark_price": 0.00997153, "iv": 107.77, "instrument_name": "BTC-26MAR21-70000-C", "index_price": 55829.91, "direction": "buy", "amount": 0.1}, {"trade_seq": 373, "trade_id": "136391355", "timestamp": 1615882547390, "tick_direction": 1, "price": 0.01, "mark_price": 0.00997153, "iv": 107.84, "instrument_name": "BTC-26MAR21-70000-C", "index_price": 55822.36, "direction": "buy", "amount": 0.1}, {"trade_seq": 372, "trade_id": "136391354", "timestamp": 1615882547390, "tick_direction": 1, "price": 0.01, "mark_price": 0.00997153, "iv": 107.84, "instrument_name": "BTC-26MAR21-70000-C", "index_price": 55822.36, "direction": "buy", "amount": 0.8}, {"trade_seq": 371, "trade_id": "136391243", "timestamp": 1615882546104, "tick_direction": 1, "price": 0.01, "mark_price": 0.00996153, "iv": 107.86, "instrument_name": "BTC-26MAR21-70000-C", "index_price": 55811.96, "direction": "buy", "amount": 0.4}, {"trade_seq": 370, "trade_id": "136390216", "timestamp": 1615882418649, "tick_direction": 1, "price": 0.01, "mark_price": 0.00983626, "iv": 108.26, "instrument_name": "BTC-26MAR21-70000-C", "index_price": 55745.2, "direction": "buy", "amount": 0.3}, {"trade_seq": 369, "trade_id": "136389880", "timestamp": 1615882381195, "tick_direction": 1, "price": 0.01, "mark_price": 0.00991762, "iv": 108.05, "instrument_name": "BTC-26MAR21-70000-C", "index_price": 55757.12, "direction": "buy", "amount": 0.1}, {"trade_seq": 368, "trade_id": "136389873", "timestamp": 1615882379690, "tick_direction": 1, "price": 0.01, "mark_price": 0.00989884, "iv": 108.06, "instrument_name": "BTC-26MAR21-70000-C", "index_price": 55754.52, "direction": "buy", "amount": 0.1}, {"trade_seq": 367, "trade_id": "136389872", "timestamp": 1615882379547, "tick_direction": 1, "price": 0.01, "mark_price": 0.00989884, "iv": 108.06, "instrument_name": "BTC-26MAR21-70000-C", "index_price": 55754.52, "direction": "buy", "amount": 0.1}, {"trade_seq": 366, "trade_id": "136389839", "timestamp": 1615882377700, "tick_direction": 1, "price": 0.01, "mark_price": 0.0098832, "iv": 108.1, "instrument_name": "BTC-26MAR21-70000-C", "index_price": 55743.72, "direction": "buy", "amount": 0.1}, {"trade_seq": 365, "trade_id": "136388202", "timestamp": 1615882018692, "tick_direction": 0, "price": 0.01, "mark_price": 0.0098271, "iv": 108.71, "instrument_name": "BTC-26MAR21-70000-C", "index_price": 55661.27, "direction": "buy", "amount": 0.1}, {"trade_seq": 364, "trade_id": "136377076", "timestamp": 1615879649876, "tick_direction": 2, "price": 0.0095, "mark_price": 0.00945208, "iv": 109.65, "instrument_name": "BTC-26MAR21-70000-C", "index_price": 55174.5, "direction": "sell", "amount": 1.0}, {"trade_seq": 363, "trade_id": "136375866", "timestamp": 1615879151162, "tick_direction": 3, "price": 0.01, "mark_price": 0.00965853, "iv": 109.83, "instrument_name": "BTC-26MAR21-70000-C", "index_price": 55368.2, "direction": "buy", "amount": 0.1}, {"trade_seq": 362, "trade_id": "136375483", "timestamp": 1615879007601, "tick_direction": 3, "price": 0.01, "mark_price": 0.00987649, "iv": 109.26, "instrument_name": "BTC-26MAR21-70000-C", "index_price": 55459.6, "direction": "buy", "amount": 0.2}, {"trade_seq": 361, "trade_id": "136375410", "timestamp": 1615878986217, "tick_direction": 3, "price": 0.01, "mark_price": 0.00982776, "iv": 109.43, "instrument_name": "BTC-26MAR21-70000-C", "index_price": 55431.79, "direction": "buy", "amount": 0.2}, {"trade_seq": 360, "trade_id": "136375313", "timestamp": 1615878972704, "tick_direction": 3, "price": 0.01, "mark_price": 0.00971468, "iv": 109.78, "instrument_name": "BTC-26MAR21-70000-C", "index_price": 55372.1, "direction": "buy", "amount": 0.1}, {"trade_seq": 359, "trade_id": "136375312", "timestamp": 1615878972701, "tick_direction": 3, "price": 0.01, "mark_price": 0.00971468, "iv": 109.78, "instrument_name": "BTC-26MAR21-70000-C", "index_price": 55372.1, "direction": "buy", "amount": 0.2}, {"trade_seq": 358, "trade_id": "136373044", "timestamp": 1615878247304, "tick_direction": 2, "price": 0.01, "mark_price": 0.00994234, "iv": 109.55, "instrument_name": "BTC-26MAR21-70000-C", "index_price": 55409.79, "direction": "buy", "amount": 0.2}, {"trade_seq": 357, "trade_id": "136329429", "timestamp": 1615864725781, "tick_direction": 1, "price": 0.011, "mark_price": 0.00923096, "iv": 118.51, "instrument_name": "BTC-26MAR21-70000-C", "index_price": 54236.82, "direction": "sell", "amount": 4.5}, {"trade_seq": 356, "trade_id": "136329426", "timestamp": 1615864725762, "tick_direction": 1, "price": 0.011, "mark_price": 0.00923096, "iv": 118.51, "instrument_name": "BTC-26MAR21-70000-C", "index_price": 54236.82, "direction": "sell", "amount": 4.0}, {"trade_seq": 355, "trade_id": "136329425", "timestamp": 1615864725755, "tick_direction": 1, "price": 0.011, "mark_price": 0.00923096, "iv": 118.51, "instrument_name": "BTC-26MAR21-70000-C", "index_price": 54236.82, "direction": "buy", "amount": 110.0}, {"trade_seq": 354, "trade_id": "136329424", "timestamp": 1615864725755, "tick_direction": 1, "price": 0.011, "mark_price": 0.00923096, "iv": 118.51, "instrument_name": "BTC-26MAR21-70000-C", "index_price": 54236.82, "direction": "buy", "amount": 25.0}, {"trade_seq": 353, "trade_id": "136329423", "timestamp": 1615864725755, "tick_direction": 0, "price": 0.011, "mark_price": 0.00923096, "iv": 118.51, "instrument_name": "BTC-26MAR21-70000-C", "index_price": 54236.82, "direction": "buy", "amount": 26.0}, {"trade_seq": 352, "trade_id": "136329422", "timestamp": 1615864725755, "tick_direction": 1, "price": 0.0105, "mark_price": 0.00923096, "iv": 117.02, "instrument_name": "BTC-26MAR21-70000-C", "index_price": 54236.82, "direction": "buy", "amount": 22.8}, {"trade_seq": 351, "trade_id": "136329421", "timestamp": 1615864725755, "tick_direction": 1, "price": 0.0105, "mark_price": 0.00923096, "iv": 117.02, "instrument_name": "BTC-26MAR21-70000-C", "index_price": 54236.82, "direction": "buy", "amount": 2.6}, {"trade_seq": 350, "trade_id": "136329420", "timestamp": 1615864725755, "tick_direction": 1, "price": 0.0105, "mark_price": 0.00923096, "iv": 117.02, "instrument_name": "BTC-26MAR21-70000-C", "index_price": 54236.82, "direction": "buy", "amount": 23.0}, {"trade_seq": 349, "trade_id": "136329419", "timestamp": 1615864725755, "tick_direction": 1, "price": 0.0105, "mark_price": 0.00923096, "iv": 117.02, "instrument_name": "BTC-26MAR21-70000-C", "index_price": 54236.82, "direction": "buy", "amount": 25.0}, {"trade_seq": 348, "trade_id": "136329418", "timestamp": 1615864725755, "tick_direction": 1, "price": 0.0105, "mark_price": 0.00923096, "iv": 117.02, "instrument_name": "BTC-26MAR21-70000-C", "index_price": 54236.82, "direction": "buy", "amount": 14.1}, {"trade_seq": 347, "trade_id": "136329417", "timestamp": 1615864725755, "tick_direction": 1, "price": 0.0105, "mark_price": 0.00923096, "iv": 117.02, "instrument_name": "BTC-26MAR21-70000-C", "index_price": 54236.82, "direction": "buy", "amount": 23.0}, {"trade_seq": 346, "trade_id": "136329416", "timestamp": 1615864725755, "tick_direction": 0, "price": 0.0105, "mark_price": 0.00923096, "iv": 117.02, "instrument_name": "BTC-26MAR21-70000-C", "index_price": 54236.82, "direction": "buy", "amount": 20.0}, {"trade_seq": 345, "trade_id": "136329358", "timestamp": 1615864692493, "tick_direction": 3, "price": 0.01, "mark_price": 0.00917722, "iv": 115.63, "instrument_name": "BTC-26MAR21-70000-C", "index_price": 54224.13, "direction": "buy", "amount": 2.5}, {"trade_seq": 344, "trade_id": "136329357", "timestamp": 1615864692493, "tick_direction": 3, "price": 0.01, "mark_price": 0.00917722, "iv": 115.63, "instrument_name": "BTC-26MAR21-70000-C", "index_price": 54224.13, "direction": "buy", "amount": 0.5}, {"trade_seq": 343, "trade_id": "136329341", "timestamp": 1615864685798, "tick_direction": 3, "price": 0.01, "mark_price": 0.00918199, "iv": 115.63, "instrument_name": "BTC-26MAR21-70000-C", "index_price": 54236.56, "direction": "buy", "amount": 2.5}, {"trade_seq": 342, "trade_id": "136329340", "timestamp": 1615864685798, "tick_direction": 3, "price": 0.01, "mark_price": 0.00918199, "iv": 115.63, "instrument_name": "BTC-26MAR21-70000-C", "index_price": 54236.56, "direction": "buy", "amount": 20.0}, {"trade_seq": 341, "trade_id": "136329339", "timestamp": 1615864685798, "tick_direction": 3, "price": 0.01, "mark_price": 0.00918199, "iv": 115.63, "instrument_name": "BTC-26MAR21-70000-C", "index_price": 54236.56, "direction": "buy", "amount": 25.0}, {"trade_seq": 340, "trade_id": "136329338", "timestamp": 1615864685798, "tick_direction": 3, "price": 0.01, "mark_price": 0.00918199, "iv": 115.63, "instrument_name": "BTC-26MAR21-70000-C", "index_price": 54236.56, "direction": "buy", "amount": 26.0}, {"trade_seq": 339, "trade_id": "136329337", "timestamp": 1615864685798, "tick_direction": 2, "price": 0.01, "mark_price": 0.00918199, "iv": 115.63, "instrument_name": "BTC-26MAR21-70000-C", "index_price": 54236.56, "direction": "buy", "amount": 10.5}, {"trade_seq": 338, "trade_id": "136322084", "timestamp": 1615862152738, "tick_direction": 0, "price": 0.0105, "mark_price": 0.0096089, "iv": 115.68, "instrument_name": "BTC-26MAR21-70000-C", "index_price": 54451.75, "direction": "buy", "amount": 0.1}, {"trade_seq": 337, "trade_id": "136318615", "timestamp": 1615860417221, "tick_direction": 3, "price": 0.009, "mark_price": 0.00929457, "iv": 111.54, "instrument_name": "BTC-26MAR21-70000-C", "index_price": 54366.21, "direction": "buy", "amount": 0.3}, {"trade_seq": 336, "trade_id": "136318605", "timestamp": 1615860407130, "tick_direction": 2, "price": 0.009, "mark_price": 0.00934165, "iv": 111.46, "instrument_name": "BTC-26MAR21-70000-C", "index_price": 54377.47, "direction": "buy", "amount": 0.5}, {"trade_seq": 335, "trade_id": "136318146", "timestamp": 1615860247634, "tick_direction": 1, "price": 0.0095, "mark_price": 0.00958085, "iv": 112.54, "instrument_name": "BTC-26MAR21-70000-C", "index_price": 54458.06, "direction": "buy", "amount": 0.1}, {"trade_seq": 334, "trade_id": "136318143", "timestamp": 1615860244613, "tick_direction": 0, "price": 0.0095, "mark_price": 0.00956677, "iv": 112.55, "instrument_name": "BTC-26MAR21-70000-C", "index_price": 54453.59, "direction": "buy", "amount": 0.1}, {"trade_seq": 333, "trade_id": "136303753", "timestamp": 1615857142295, "tick_direction": 3, "price": 0.0085, "mark_price": 0.00844241, "iv": 114.91, "instrument_name": "BTC-26MAR21-70000-C", "index_price": 53413.98, "direction": "sell", "amount": 0.3}, {"trade_seq": 332, "trade_id": "136298683", "timestamp": 1615856670277, "tick_direction": 2, "price": 0.0085, "mark_price": 0.00796191, "iv": 115.09, "instrument_name": "BTC-26MAR21-70000-C", "index_price": 53395.88, "direction": "sell", "amount": 0.2}, {"trade_seq": 331, "trade_id": "136273367", "timestamp": 1615853573018, "tick_direction": 2, "price": 0.011, "mark_price": 0.01135952, "iv": 107.77, "instrument_name": "BTC-26MAR21-70000-C", "index_price": 55853.11, "direction": "buy", "amount": 0.9}, {"trade_seq": 330, "trade_id": "136258627", "timestamp": 1615848783490, "tick_direction": 0, "price": 0.012, "mark_price": 0.01166941, "iv": 109.02, "instrument_name": "BTC-26MAR21-70000-C", "index_price": 56102.27, "direction": "buy", "amount": 0.2}, {"trade_seq": 329, "trade_id": "136221792", "timestamp": 1615835286121, "tick_direction": 0, "price": 0.0117, "mark_price": 0.01229743, "iv": 105.86, "instrument_name": "BTC-26MAR21-70000-C", "index_price": 56331.85, "direction": "sell", "block_trade_id": "9340", "amount": 50.0}, {"trade_seq": 328, "trade_id": "136208598", "timestamp": 1615829368110, "tick_direction": 3, "price": 0.011, "mark_price": 0.01165568, "iv": 108.04, "instrument_name": "BTC-26MAR21-70000-C", "index_price": 55586.04, "direction": "sell", "amount": 0.5}, {"trade_seq": 327, "trade_id": "136208597", "timestamp": 1615829368110, "tick_direction": 2, "price": 0.011, "mark_price": 0.01165568, "iv": 108.04, "instrument_name": "BTC-26MAR21-70000-C", "index_price": 55586.04, "direction": "sell", "amount": 0.5}, {"trade_seq": 326, "trade_id": "136145274", "timestamp": 1615816460948, "tick_direction": 0, "price": 0.015, "mark_price": 0.01543376, "iv": 109.1, "instrument_name": "BTC-26MAR21-70000-C", "index_price": 56990.28, "direction": "sell", "amount": 0.6}, {"trade_seq": 325, "trade_id": "136102870", "timestamp": 1615810192556, "tick_direction": 2, "price": 0.013, "mark_price": 0.01290127, "iv": 111.61, "instrument_name": "BTC-26MAR21-70000-C", "index_price": 55640.94, "direction": "buy", "amount": 0.1}, {"trade_seq": 324, "trade_id": "136095023", "timestamp": 1615809043320, "tick_direction": 0, "price": 0.014, "mark_price": 0.01443403, "iv": 109.46, "instrument_name": "BTC-26MAR21-70000-C", "index_price": 56424.73, "direction": "sell", "amount": 0.6}, {"trade_seq": 323, "trade_id": "136075763", "timestamp": 1615805061727, "tick_direction": 2, "price": 0.013, "mark_price": 0.01358117, "iv": 109.08, "instrument_name": "BTC-26MAR21-70000-C", "index_price": 56006.34, "direction": "sell", "amount": 0.5}, {"trade_seq": 322, "trade_id": "136074122", "timestamp": 1615804674082, "tick_direction": 0, "price": 0.0135, "mark_price": 0.01349134, "iv": 109.98, "instrument_name": "BTC-26MAR21-70000-C", "index_price": 56074.15, "direction": "sell", "amount": 0.5}, {"trade_seq": 321, "trade_id": "136057718", "timestamp": 1615802460691, "tick_direction": 3, "price": 0.0115, "mark_price": 0.01208817, "iv": 106.49, "instrument_name": "BTC-26MAR21-70000-C", "index_price": 55764.47, "direction": "sell", "amount": 1.0}, {"trade_seq": 320, "trade_id": "136041310", "timestamp": 1615801458051, "tick_direction": 2, "price": 0.0115, "mark_price": 0.01145723, "iv": 107.36, "instrument_name": "BTC-26MAR21-70000-C", "index_price": 55592.23, "direction": "sell", "amount": 0.7}, {"trade_seq": 319, "trade_id": "136029836", "timestamp": 1615801112839, "tick_direction": 0, "price": 0.0125, "mark_price": 0.01237756, "iv": 106.35, "instrument_name": "BTC-26MAR21-70000-C", "index_price": 56218.18, "direction": "sell", "amount": 0.6}, {"trade_seq": 318, "trade_id": "136016529", "timestamp": 1615800351054, "tick_direction": 3, "price": 0.011, "mark_price": 0.01088379, "iv": 103.26, "instrument_name": "BTC-26MAR21-70000-C", "index_price": 56105.47, "direction": "sell", "amount": 0.6}, {"trade_seq": 317, "trade_id": "136016528", "timestamp": 1615800351054, "tick_direction": 3, "price": 0.011, "mark_price": 0.01088379, "iv": 103.26, "instrument_name": "BTC-26MAR21-70000-C", "index_price": 56105.47, "direction": "sell", "amount": 3.0}, {"trade_seq": 316, "trade_id": "136016527", "timestamp": 1615800351054, "tick_direction": 3, "price": 0.011, "mark_price": 0.01088379, "iv": 103.26, "instrument_name": "BTC-26MAR21-70000-C", "index_price": 56105.47, "direction": "sell", "amount": 0.7}, {"trade_seq": 315, "trade_id": "136011499", "timestamp": 1615800262546, "tick_direction": 3, "price": 0.011, "mark_price": 0.00991345, "iv": 105.78, "instrument_name": "BTC-26MAR21-70000-C", "index_price": 55720.93, "direction": "sell", "amount": 0.6}, {"trade_seq": 314, "trade_id": "136010988", "timestamp": 1615800259365, "tick_direction": 2, "price": 0.011, "mark_price": 0.01016617, "iv": 105.36, "instrument_name": "BTC-26MAR21-70000-C", "index_price": 55833.03, "direction": "sell", "amount": 0.7}, {"trade_seq": 313, "trade_id": "135981454", "timestamp": 1615795990216, "tick_direction": 3, "price": 0.0145, "mark_price": 0.01524813, "iv": 100.07, "instrument_name": "BTC-26MAR21-70000-C", "index_price": 58042.99, "direction": "buy", "amount": 9.1}, {"trade_seq": 312, "trade_id": "135981453", "timestamp": 1615795990044, "tick_direction": 3, "price": 0.0145, "mark_price": 0.01524813, "iv": 100.07, "instrument_name": "BTC-26MAR21-70000-C", "index_price": 58042.99, "direction": "buy", "amount": 0.1}, {"trade_seq": 311, "trade_id": "135981451", "timestamp": 1615795989866, "tick_direction": 3, "price": 0.0145, "mark_price": 0.01524813, "iv": 100.07, "instrument_name": "BTC-26MAR21-70000-C", "index_price": 58042.99, "direction": "buy", "amount": 0.2}, {"trade_seq": 310, "trade_id": "135981450", "timestamp": 1615795989720, "tick_direction": 3, "price": 0.0145, "mark_price": 0.01524813, "iv": 100.07, "instrument_name": "BTC-26MAR21-70000-C", "index_price": 58042.99, "direction": "buy", "amount": 0.3}, {"trade_seq": 309, "trade_id": "135981446", "timestamp": 1615795989412, "tick_direction": 3, "price": 0.0145, "mark_price": 0.0151824, "iv": 100.19, "instrument_name": "BTC-26MAR21-70000-C", "index_price": 58021.67, "direction": "buy", "amount": 0.1}, {"trade_seq": 308, "trade_id": "135981289", "timestamp": 1615795971710, "tick_direction": 3, "price": 0.0145, "mark_price": 0.01514427, "iv": 100.37, "instrument_name": "BTC-26MAR21-70000-C", "index_price": 57991.67, "direction": "buy", "amount": 0.1}, {"trade_seq": 307, "trade_id": "135981155", "timestamp": 1615795967702, "tick_direction": 2, "price": 0.0145, "mark_price": 0.01518703, "iv": 100.29, "instrument_name": "BTC-26MAR21-70000-C", "index_price": 58026.09, "direction": "buy", "amount": 0.1}, {"trade_seq": 306, "trade_id": "135980565", "timestamp": 1615795889851, "tick_direction": 3, "price": 0.015, "mark_price": 0.01580216, "iv": 100.36, "instrument_name": "BTC-26MAR21-70000-C", "index_price": 58188.23, "direction": "buy", "amount": 0.1}, {"trade_seq": 305, "trade_id": "135980536", "timestamp": 1615795886335, "tick_direction": 3, "price": 0.015, "mark_price": 0.01581837, "iv": 100.32, "instrument_name": "BTC-26MAR21-70000-C", "index_price": 58201.11, "direction": "buy", "amount": 0.1}, {"trade_seq": 304, "trade_id": "135980367", "timestamp": 1615795862754, "tick_direction": 3, "price": 0.015, "mark_price": 0.01586209, "iv": 100.3, "instrument_name": "BTC-26MAR21-70000-C", "index_price": 58217.67, "direction": "sell", "amount": 10.0}, {"trade_seq": 303, "trade_id": "135974012", "timestamp": 1615794829177, "tick_direction": 2, "price": 0.015, "mark_price": 0.01561527, "iv": 102.16, "instrument_name": "BTC-26MAR21-70000-C", "index_price": 57845.57, "direction": "sell", "amount": 0.5}, {"trade_seq": 302, "trade_id": "135973229", "timestamp": 1615794707387, "tick_direction": 2, "price": 0.0155, "mark_price": 0.01587061, "iv": 102.66, "instrument_name": "BTC-26MAR21-70000-C", "index_price": 57958.39, "direction": "sell", "amount": 0.8}, {"trade_seq": 301, "trade_id": "135972154", "timestamp": 1615794536164, "tick_direction": 2, "price": 0.016, "mark_price": 0.01670202, "iv": 101.98, "instrument_name": "BTC-26MAR21-70000-C", "index_price": 58277.63, "direction": "sell", "amount": 0.5}, {"trade_seq": 300, "trade_id": "135953474", "timestamp": 1615792629152, "tick_direction": 3, "price": 0.017, "mark_price": 0.01658492, "iv": 105.04, "instrument_name": "BTC-26MAR21-70000-C", "index_price": 57968.0, "direction": "sell", "amount": 2.4}, {"trade_seq": 299, "trade_id": "135953473", "timestamp": 1615792629135, "tick_direction": 3, "price": 0.017, "mark_price": 0.01658492, "iv": 105.04, "instrument_name": "BTC-26MAR21-70000-C", "index_price": 57968.0, "direction": "sell", "amount": 3.9}, {"trade_seq": 298, "trade_id": "135953471", "timestamp": 1615792629057, "tick_direction": 3, "price": 0.017, "mark_price": 0.01658492, "iv": 105.04, "instrument_name": "BTC-26MAR21-70000-C", "index_price": 57968.0, "direction": "sell", "amount": 1.2}, {"trade_seq": 297, "trade_id": "135953467", "timestamp": 1615792629047, "tick_direction": 3, "price": 0.017, "mark_price": 0.01658492, "iv": 105.04, "instrument_name": "BTC-26MAR21-70000-C", "index_price": 57968.0, "direction": "sell", "amount": 7.1}, {"trade_seq": 296, "trade_id": "135953464", "timestamp": 1615792628957, "tick_direction": 3, "price": 0.017, "mark_price": 0.01658492, "iv": 105.02, "instrument_name": "BTC-26MAR21-70000-C", "index_price": 57968.0, "direction": "sell", "amount": 0.1}, {"trade_seq": 295, "trade_id": "135953440", "timestamp": 1615792627490, "tick_direction": 3, "price": 0.017, "mark_price": 0.01658596, "iv": 105.03, "instrument_name": "BTC-26MAR21-70000-C", "index_price": 57970.53, "direction": "sell", "amount": 0.2}, {"trade_seq": 294, "trade_id": "135953360", "timestamp": 1615792626689, "tick_direction": 3, "price": 0.017, "mark_price": 0.01663134, "iv": 105.02, "instrument_name": "BTC-26MAR21-70000-C", "index_price": 57969.4, "direction": "sell", "amount": 0.6}, {"trade_seq": 293, "trade_id": "135953297", "timestamp": 1615792625840, "tick_direction": 3, "price": 0.017, "mark_price": 0.01663467, "iv": 104.92, "instrument_name": "BTC-26MAR21-70000-C", "index_price": 57988.43, "direction": "sell", "amount": 0.1}, {"trade_seq": 292, "trade_id": "135953110", "timestamp": 1615792624200, "tick_direction": 3, "price": 0.017, "mark_price": 0.01667503, "iv": 104.82, "instrument_name": "BTC-26MAR21-70000-C", "index_price": 57996.66, "direction": "sell", "amount": 1.0}, {"trade_seq": 291, "trade_id": "135953081", "timestamp": 1615792623951, "tick_direction": 3, "price": 0.017, "mark_price": 0.01666562, "iv": 104.82, "instrument_name": "BTC-26MAR21-70000-C", "index_price": 57996.66, "direction": "sell", "amount": 3.9}, {"trade_seq": 290, "trade_id": "135953079", "timestamp": 1615792623930, "tick_direction": 3, "price": 0.017, "mark_price": 0.01666562, "iv": 104.82, "instrument_name": "BTC-26MAR21-70000-C", "index_price": 57996.66, "direction": "sell", "amount": 7.1}, {"trade_seq": 289, "trade_id": "135953032", "timestamp": 1615792623706, "tick_direction": 3, "price": 0.017, "mark_price": 0.01666562, "iv": 104.82, "instrument_name": "BTC-26MAR21-70000-C", "index_price": 57996.66, "direction": "sell", "amount": 0.1}, {"trade_seq": 288, "trade_id": "135952818", "timestamp": 1615792620573, "tick_direction": 3, "price": 0.017, "mark_price": 0.01675373, "iv": 104.64, "instrument_name": "BTC-26MAR21-70000-C", "index_price": 58019.31, "direction": "sell", "amount": 0.1}, {"trade_seq": 287, "trade_id": "135952817", "timestamp": 1615792620423, "tick_direction": 3, "price": 0.017, "mark_price": 0.01675373, "iv": 104.64, "instrument_name": "BTC-26MAR21-70000-C", "index_price": 58019.31, "direction": "sell", "amount": 0.1}, {"trade_seq": 286, "trade_id": "135952795", "timestamp": 1615792615432, "tick_direction": 3, "price": 0.017, "mark_price": 0.01676697, "iv": 104.61, "instrument_name": "BTC-26MAR21-70000-C", "index_price": 58022.84, "direction": "sell", "amount": 5.1}, {"trade_seq": 285, "trade_id": "135952149", "timestamp": 1615792496454, "tick_direction": 3, "price": 0.017, "mark_price": 0.016871, "iv": 104.21, "instrument_name": "BTC-26MAR21-70000-C", "index_price": 58045.03, "direction": "sell", "amount": 0.1}, {"trade_seq": 284, "trade_id": "135952145", "timestamp": 1615792496081, "tick_direction": 3, "price": 0.017, "mark_price": 0.016871, "iv": 104.2, "instrument_name": "BTC-26MAR21-70000-C", "index_price": 58062.7, "direction": "sell", "amount": 0.1}, {"trade_seq": 283, "trade_id": "135952144", "timestamp": 1615792496016, "tick_direction": 3, "price": 0.017, "mark_price": 0.016871, "iv": 104.2, "instrument_name": "BTC-26MAR21-70000-C", "index_price": 58062.7, "direction": "sell", "amount": 0.1}, {"trade_seq": 282, "trade_id": "135952143", "timestamp": 1615792495891, "tick_direction": 3, "price": 0.017, "mark_price": 0.01692144, "iv": 104.2, "instrument_name": "BTC-26MAR21-70000-C", "index_price": 58062.7, "direction": "sell", "amount": 0.1}, {"trade_seq": 281, "trade_id": "135952142", "timestamp": 1615792495752, "tick_direction": 3, "price": 0.017, "mark_price": 0.01692144, "iv": 104.2, "instrument_name": "BTC-26MAR21-70000-C", "index_price": 58062.7, "direction": "sell", "amount": 0.1}, {"trade_seq": 280, "trade_id": "135952141", "timestamp": 1615792495640, "tick_direction": 3, "price": 0.017, "mark_price": 0.01692144, "iv": 104.2, "instrument_name": "BTC-26MAR21-70000-C", "index_price": 58062.7, "direction": "sell", "amount": 0.1}, {"trade_seq": 279, "trade_id": "135952096", "timestamp": 1615792494032, "tick_direction": 3, "price": 0.017, "mark_price": 0.01693257, "iv": 104.09, "instrument_name": "BTC-26MAR21-70000-C", "index_price": 58080.73, "direction": "sell", "amount": 0.1}, {"trade_seq": 278, "trade_id": "135951972", "timestamp": 1615792469436, "tick_direction": 3, "price": 0.017, "mark_price": 0.01685992, "iv": 104.18, "instrument_name": "BTC-26MAR21-70000-C", "index_price": 58059.62, "direction": "sell", "amount": 0.7}, {"trade_seq": 277, "trade_id": "135951971", "timestamp": 1615792469349, "tick_direction": 3, "price": 0.017, "mark_price": 0.01685992, "iv": 104.18, "instrument_name": "BTC-26MAR21-70000-C", "index_price": 58059.62, "direction": "sell", "amount": 0.6}, {"trade_seq": 276, "trade_id": "135950653", "timestamp": 1615792259039, "tick_direction": 3, "price": 0.017, "mark_price": 0.01669662, "iv": 104.05, "instrument_name": "BTC-26MAR21-70000-C", "index_price": 58088.07, "direction": "sell", "amount": 5.0}, {"trade_seq": 275, "trade_id": "135949791", "timestamp": 1615792194888, "tick_direction": 3, "price": 0.017, "mark_price": 0.01710714, "iv": 103.02, "instrument_name": "BTC-26MAR21-70000-C", "index_price": 58244.31, "direction": "sell", "amount": 5.0}, {"trade_seq": 274, "trade_id": "135948993", "timestamp": 1615792097180, "tick_direction": 3, "price": 0.017, "mark_price": 0.01709924, "iv": 102.86, "instrument_name": "BTC-26MAR21-70000-C", "index_price": 58261.19, "direction": "sell", "amount": 5.0}, {"trade_seq": 273, "trade_id": "135948846", "timestamp": 1615792081551, "tick_direction": 2, "price": 0.017, "mark_price": 0.01715362, "iv": 102.72, "instrument_name": "BTC-26MAR21-70000-C", "index_price": 58280.74, "direction": "sell", "amount": 5.0}, {"trade_seq": 272, "trade_id": "135933089", "timestamp": 1615789416784, "tick_direction": 2, "price": 0.0195, "mark_price": 0.01930755, "iv": 103.22, "instrument_name": "BTC-26MAR21-70000-C", "index_price": 58893.22, "direction": "sell", "amount": 5.0}, {"trade_seq": 271, "trade_id": "135919987", "timestamp": 1615785713859, "tick_direction": 3, "price": 0.022, "mark_price": 0.0221015, "iv": 100.99, "instrument_name": "BTC-26MAR21-70000-C", "index_price": 59888.05, "direction": "buy", "amount": 0.1}, {"trade_seq": 270, "trade_id": "135919986", "timestamp": 1615785713602, "tick_direction": 3, "price": 0.022, "mark_price": 0.0221015, "iv": 100.99, "instrument_name": "BTC-26MAR21-70000-C", "index_price": 59888.05, "direction": "buy", "amount": 0.2}, {"trade_seq": 269, "trade_id": "135919950", "timestamp": 1615785708407, "tick_direction": 3, "price": 0.022, "mark_price": 0.02209645, "iv": 101.05, "instrument_name": "BTC-26MAR21-70000-C", "index_price": 59880.37, "direction": "buy", "amount": 0.1}, {"trade_seq": 268, "trade_id": "135919949", "timestamp": 1615785708054, "tick_direction": 3, "price": 0.022, "mark_price": 0.02209645, "iv": 101.05, "instrument_name": "BTC-26MAR21-70000-C", "index_price": 59880.37, "direction": "buy", "amount": 0.1}, {"trade_seq": 267, "trade_id": "135919926", "timestamp": 1615785707648, "tick_direction": 3, "price": 0.022, "mark_price": 0.02206849, "iv": 101.1, "instrument_name": "BTC-26MAR21-70000-C", "index_price": 59872.71, "direction": "buy", "amount": 0.1}, {"trade_seq": 266, "trade_id": "135919921", "timestamp": 1615785707516, "tick_direction": 3, "price": 0.022, "mark_price": 0.02206849, "iv": 101.1, "instrument_name": "BTC-26MAR21-70000-C", "index_price": 59872.71, "direction": "buy", "amount": 0.1}, {"trade_seq": 265, "trade_id": "135919851", "timestamp": 1615785689968, "tick_direction": 3, "price": 0.022, "mark_price": 0.02209182, "iv": 101.08, "instrument_name": "BTC-26MAR21-70000-C", "index_price": 59868.14, "direction": "buy", "amount": 0.1}, {"trade_seq": 264, "trade_id": "135919847", "timestamp": 1615785684386, "tick_direction": 3, "price": 0.022, "mark_price": 0.02207018, "iv": 101.13, "instrument_name": "BTC-26MAR21-70000-C", "index_price": 59862.27, "direction": "buy", "amount": 0.1}, {"trade_seq": 263, "trade_id": "135919831", "timestamp": 1615785671328, "tick_direction": 2, "price": 0.022, "mark_price": 0.02198251, "iv": 101.31, "instrument_name": "BTC-26MAR21-70000-C", "index_price": 59847.75, "direction": "buy", "amount": 0.1}, {"trade_seq": 262, "trade_id": "135910431", "timestamp": 1615782860182, "tick_direction": 3, "price": 0.024, "mark_price": 0.02350632, "iv": 103.2, "instrument_name": "BTC-26MAR21-70000-C", "index_price": 59949.34, "direction": "sell", "amount": 19.9}, {"trade_seq": 261, "trade_id": "135910428", "timestamp": 1615782860136, "tick_direction": 3, "price": 0.024, "mark_price": 0.02350632, "iv": 103.2, "instrument_name": "BTC-26MAR21-70000-C", "index_price": 59949.34, "direction": "sell", "amount": 0.1}, {"trade_seq": 260, "trade_id": "135910425", "timestamp": 1615782860094, "tick_direction": 3, "price": 0.024, "mark_price": 0.02350632, "iv": 103.2, "instrument_name": "BTC-26MAR21-70000-C", "index_price": 59949.34, "direction": "sell", "amount": 0.1}, {"trade_seq": 259, "trade_id": "135910404", "timestamp": 1615782859908, "tick_direction": 3, "price": 0.024, "mark_price": 0.02350632, "iv": 103.2, "instrument_name": "BTC-26MAR21-70000-C", "index_price": 59949.34, "direction": "sell", "amount": 0.3}, {"trade_seq": 258, "trade_id": "135910403", "timestamp": 1615782859794, "tick_direction": 3, "price": 0.024, "mark_price": 0.02350632, "iv": 103.2, "instrument_name": "BTC-26MAR21-70000-C", "index_price": 59949.34, "direction": "sell", "amount": 0.2}, {"trade_seq": 257, "trade_id": "135910389", "timestamp": 1615782859560, "tick_direction": 3, "price": 0.024, "mark_price": 0.02350632, "iv": 103.18, "instrument_name": "BTC-26MAR21-70000-C", "index_price": 59988.88, "direction": "sell", "amount": 0.3}, {"trade_seq": 256, "trade_id": "135910386", "timestamp": 1615782859326, "tick_direction": 3, "price": 0.024, "mark_price": 0.02350632, "iv": 103.18, "instrument_name": "BTC-26MAR21-70000-C", "index_price": 59988.88, "direction": "sell", "amount": 5.1}, {"trade_seq": 255, "trade_id": "135910385", "timestamp": 1615782859226, "tick_direction": 3, "price": 0.024, "mark_price": 0.02350632, "iv": 103.18, "instrument_name": "BTC-26MAR21-70000-C", "index_price": 59988.88, "direction": "sell", "amount": 1.0}, {"trade_seq": 254, "trade_id": "135910382", "timestamp": 1615782859209, "tick_direction": 3, "price": 0.024, "mark_price": 0.02350632, "iv": 103.18, "instrument_name": "BTC-26MAR21-70000-C", "index_price": 59988.88, "direction": "sell", "amount": 5.8}, {"trade_seq": 253, "trade_id": "135910322", "timestamp": 1615782858905, "tick_direction": 3, "price": 0.024, "mark_price": 0.0235083, "iv": 103.18, "instrument_name": "BTC-26MAR21-70000-C", "index_price": 59988.88, "direction": "sell", "amount": 0.5}, {"trade_seq": 252, "trade_id": "135910310", "timestamp": 1615782857047, "tick_direction": 3, "price": 0.024, "mark_price": 0.02355185, "iv": 103.09, "instrument_name": "BTC-26MAR21-70000-C", "index_price": 59997.46, "direction": "sell", "amount": 0.1}, {"trade_seq": 251, "trade_id": "135910309", "timestamp": 1615782856886, "tick_direction": 3, "price": 0.024, "mark_price": 0.02355185, "iv": 103.09, "instrument_name": "BTC-26MAR21-70000-C", "index_price": 59997.46, "direction": "sell", "amount": 0.1}, {"trade_seq": 250, "trade_id": "135910308", "timestamp": 1615782856876, "tick_direction": 3, "price": 0.024, "mark_price": 0.02355185, "iv": 103.09, "instrument_name": "BTC-26MAR21-70000-C", "index_price": 59997.46, "direction": "sell", "amount": 0.5}, {"trade_seq": 249, "trade_id": "135910303", "timestamp": 1615782855833, "tick_direction": 3, "price": 0.024, "mark_price": 0.0235881, "iv": 103.09, "instrument_name": "BTC-26MAR21-70000-C", "index_price": 60002.57, "direction": "sell", "amount": 0.1}, {"trade_seq": 248, "trade_id": "135910302", "timestamp": 1615782855603, "tick_direction": 3, "price": 0.024, "mark_price": 0.0235881, "iv": 103.09, "instrument_name": "BTC-26MAR21-70000-C", "index_price": 60002.57, "direction": "sell", "amount": 0.6}, {"trade_seq": 247, "trade_id": "135910257", "timestamp": 1615782850275, "tick_direction": 3, "price": 0.024, "mark_price": 0.0237452, "iv": 102.72, "instrument_name": "BTC-26MAR21-70000-C", "index_price": 60053.64, "direction": "sell", "amount": 5.0}