{"trades": [{"trade_seq": 9436, "trade_id": "139074880", "timestamp": 1616745492846, "tick_direction": 3, "price": 0.0235, "mark_price": 0.0238694, "iv": 0.0, "instrument_name": "BTC-26MAR21-52000-C", "index_price": 53549.81, "direction": "buy", "amount": 0.2}, {"trade_seq": 9435, "trade_id": "139074749", "timestamp": 1616745473657, "tick_direction": 2, "price": 0.0235, "mark_price": 0.02415315, "iv": 0.0, "instrument_name": "BTC-26MAR21-52000-C", "index_price": 53553.52, "direction": "buy", "amount": 0.2}, {"trade_seq": 9434, "trade_id": "139072088", "timestamp": 1616745183381, "tick_direction": 1, "price": 0.024, "mark_price": 0.02342063, "iv": 464.17, "instrument_name": "BTC-26MAR21-52000-C", "index_price": 53449.57, "direction": "buy", "amount": 0.4}, {"trade_seq": 9433, "trade_id": "139071187", "timestamp": 1616745078371, "tick_direction": 0, "price": 0.024, "mark_price": 0.02352901, "iv": 385.72, "instrument_name": "BTC-26MAR21-52000-C", "index_price": 53405.55, "direction": "buy", "amount": 0.3}, {"trade_seq": 9432, "trade_id": "139064557", "timestamp": 1616744411504, "tick_direction": 1, "price": 0.02, "mark_price": 0.02128352, "iv": 0.0, "instrument_name": "BTC-26MAR21-52000-C", "index_price": 53188.31, "direction": "buy", "amount": 0.1}, {"trade_seq": 9431, "trade_id": "139064526", "timestamp": 1616744408363, "tick_direction": 1, "price": 0.02, "mark_price": 0.0212872, "iv": 0.0, "instrument_name": "BTC-26MAR21-52000-C", "index_price": 53184.51, "direction": "buy", "amount": 0.4}, {"trade_seq": 9430, "trade_id": "139064418", "timestamp": 1616744404739, "tick_direction": 0, "price": 0.02, "mark_price": 0.02106334, "iv": 0.0, "instrument_name": "BTC-26MAR21-52000-C", "index_price": 53183.61, "direction": "buy", "amount": 0.5}, {"trade_seq": 9429, "trade_id": "139060846", "timestamp": 1616744121982, "tick_direction": 0, "price": 0.0175, "mark_price": 0.01745525, "iv": 0.0, "instrument_name": "BTC-26MAR21-52000-C", "index_price": 52964.68, "direction": "buy", "amount": 0.2}, {"trade_seq": 9428, "trade_id": "139055313", "timestamp": 1616743355140, "tick_direction": 2, "price": 0.01, "mark_price": 0.01072833, "iv": 0.0, "instrument_name": "BTC-26MAR21-52000-C", "index_price": 52549.08, "direction": "buy", "amount": 0.4}, {"trade_seq": 9427, "trade_id": "139045706", "timestamp": 1616741133835, "tick_direction": 2, "price": 0.0115, "mark_price": 0.01241558, "iv": 0.0, "instrument_name": "BTC-26MAR21-52000-C", "index_price": 52615.72, "direction": "buy", "amount": 0.3}, {"trade_seq": 9426, "trade_id": "139044887", "timestamp": 1616740779006, "tick_direction": 3, "price": 0.015, "mark_price": 0.01618676, "iv": 0.0, "instrument_name": "BTC-26MAR21-52000-C", "index_price": 52815.12, "direction": "sell", "amount": 0.5}, {"trade_seq": 9425, "trade_id": "139043423", "timestamp": 1616740411426, "tick_direction": 3, "price": 0.015, "mark_price": 0.01502812, "iv": 82.48, "instrument_name": "BTC-26MAR21-52000-C", "index_price": 52730.57, "direction": "buy", "amount": 0.1}, {"trade_seq": 9424, "trade_id": "139043313", "timestamp": 1616740388640, "tick_direction": 2, "price": 0.015, "mark_price": 0.01481107, "iv": 91.87, "instrument_name": "BTC-26MAR21-52000-C", "index_price": 52736.41, "direction": "buy", "amount": 0.4}, {"trade_seq": 9423, "trade_id": "139038425", "timestamp": 1616737689850, "tick_direction": 0, "price": 0.0155, "mark_price": 0.01526192, "iv": 80.95, "instrument_name": "BTC-26MAR21-52000-C", "index_price": 52761.59, "direction": "buy", "amount": 18.7}, {"trade_seq": 9422, "trade_id": "139026949", "timestamp": 1616734420079, "tick_direction": 1, "price": 0.0145, "mark_price": 0.01427011, "iv": 67.55, "instrument_name": "BTC-26MAR21-52000-C", "index_price": 52684.59, "direction": "buy", "amount": 3.3}, {"trade_seq": 9421, "trade_id": "139026948", "timestamp": 1616734420079, "tick_direction": 1, "price": 0.0145, "mark_price": 0.01427011, "iv": 67.55, "instrument_name": "BTC-26MAR21-52000-C", "index_price": 52684.59, "direction": "buy", "amount": 10.7}, {"trade_seq": 9420, "trade_id": "139026935", "timestamp": 1616734419391, "tick_direction": 0, "price": 0.0145, "mark_price": 0.01402777, "iv": 76.38, "instrument_name": "BTC-26MAR21-52000-C", "index_price": 52676.4, "direction": "buy", "amount": 11.3}, {"trade_seq": 9419, "trade_id": "139021602", "timestamp": 1616731862958, "tick_direction": 3, "price": 0.01, "mark_price": 0.01134562, "iv": 53.67, "instrument_name": "BTC-26MAR21-52000-C", "index_price": 52435.48, "direction": "sell", "amount": 0.8}, {"trade_seq": 9418, "trade_id": "139021601", "timestamp": 1616731862958, "tick_direction": 3, "price": 0.01, "mark_price": 0.01134562, "iv": 53.67, "instrument_name": "BTC-26MAR21-52000-C", "index_price": 52435.48, "direction": "sell", "amount": 0.4}, {"trade_seq": 9417, "trade_id": "139020538", "timestamp": 1616731411042, "tick_direction": 3, "price": 0.01, "mark_price": 0.01049792, "iv": 65.99, "instrument_name": "BTC-26MAR21-52000-C", "index_price": 52361.92, "direction": "buy", "amount": 0.5}, {"trade_seq": 9416, "trade_id": "139020536", "timestamp": 1616731410936, "tick_direction": 3, "price": 0.01, "mark_price": 0.01049792, "iv": 65.99, "instrument_name": "BTC-26MAR21-52000-C", "index_price": 52361.92, "direction": "buy", "amount": 0.5}, {"trade_seq": 9415, "trade_id": "139020532", "timestamp": 1616731409117, "tick_direction": 2, "price": 0.01, "mark_price": 0.01039042, "iv": 67.01, "instrument_name": "BTC-26MAR21-52000-C", "index_price": 52350.12, "direction": "buy", "amount": 0.4}, {"trade_seq": 9414, "trade_id": "139018917", "timestamp": 1616730675611, "tick_direction": 2, "price": 0.0115, "mark_price": 0.01181808, "iv": 67.75, "instrument_name": "BTC-26MAR21-52000-C", "index_price": 52439.11, "direction": "sell", "amount": 0.1}, {"trade_seq": 9413, "trade_id": "139018610", "timestamp": 1616730583977, "tick_direction": 2, "price": 0.012, "mark_price": 0.01240458, "iv": 67.06, "instrument_name": "BTC-26MAR21-52000-C", "index_price": 52484.44, "direction": "sell", "amount": 0.1}, {"trade_seq": 9412, "trade_id": "139018319", "timestamp": 1616730481177, "tick_direction": 2, "price": 0.0125, "mark_price": 0.01283364, "iv": 68.24, "instrument_name": "BTC-26MAR21-52000-C", "index_price": 52515.53, "direction": "sell", "amount": 0.1}, {"trade_seq": 9411, "trade_id": "139018300", "timestamp": 1616730469059, "tick_direction": 2, "price": 0.013, "mark_price": 0.01334833, "iv": 68.73, "instrument_name": "BTC-26MAR21-52000-C", "index_price": 52537.94, "direction": "sell", "amount": 0.1}, {"trade_seq": 9410, "trade_id": "139017311", "timestamp": 1616730283524, "tick_direction": 3, "price": 0.014, "mark_price": 0.01408101, "iv": 76.51, "instrument_name": "BTC-26MAR21-52000-C", "index_price": 52581.7, "direction": "sell", "amount": 0.1}, {"trade_seq": 9409, "trade_id": "139017274", "timestamp": 1616730278298, "tick_direction": 2, "price": 0.014, "mark_price": 0.0142927, "iv": 67.72, "instrument_name": "BTC-26MAR21-52000-C", "index_price": 52618.09, "direction": "sell", "amount": 0.1}, {"trade_seq": 9408, "trade_id": "139016884", "timestamp": 1616730215846, "tick_direction": 0, "price": 0.0155, "mark_price": 0.01460064, "iv": 86.16, "instrument_name": "BTC-26MAR21-52000-C", "index_price": 52638.51, "direction": "buy", "amount": 0.1}, {"trade_seq": 9407, "trade_id": "139016813", "timestamp": 1616730209159, "tick_direction": 1, "price": 0.015, "mark_price": 0.01422668, "iv": 83.39, "instrument_name": "BTC-26MAR21-52000-C", "index_price": 52632.36, "direction": "buy", "amount": 0.1}, {"trade_seq": 9406, "trade_id": "139016781", "timestamp": 1616730203918, "tick_direction": 1, "price": 0.015, "mark_price": 0.01413753, "iv": 84.57, "instrument_name": "BTC-26MAR21-52000-C", "index_price": 52613.83, "direction": "buy", "amount": 0.1}, {"trade_seq": 9405, "trade_id": "139016735", "timestamp": 1616730200979, "tick_direction": 0, "price": 0.015, "mark_price": 0.01376309, "iv": 89.45, "instrument_name": "BTC-26MAR21-52000-C", "index_price": 52591.85, "direction": "buy", "amount": 0.1}, {"trade_seq": 9404, "trade_id": "139016689", "timestamp": 1616730198745, "tick_direction": 0, "price": 0.0145, "mark_price": 0.01354195, "iv": 83.19, "instrument_name": "BTC-26MAR21-52000-C", "index_price": 52583.56, "direction": "buy", "amount": 0.1}, {"trade_seq": 9403, "trade_id": "139016576", "timestamp": 1616730192124, "tick_direction": 2, "price": 0.0135, "mark_price": 0.01272561, "iv": 82.47, "instrument_name": "BTC-26MAR21-52000-C", "index_price": 52531.74, "direction": "buy", "amount": 0.1}, {"trade_seq": 9402, "trade_id": "139016463", "timestamp": 1616730187027, "tick_direction": 0, "price": 0.014, "mark_price": 0.01312082, "iv": 84.07, "instrument_name": "BTC-26MAR21-52000-C", "index_price": 52539.45, "direction": "buy", "amount": 0.1}, {"trade_seq": 9401, "trade_id": "139016447", "timestamp": 1616730186077, "tick_direction": 1, "price": 0.0125, "mark_price": 0.01312068, "iv": 62.59, "instrument_name": "BTC-26MAR21-52000-C", "index_price": 52536.32, "direction": "buy", "amount": 0.3}, {"trade_seq": 9400, "trade_id": "139016420", "timestamp": 1616730183761, "tick_direction": 1, "price": 0.0125, "mark_price": 0.01269658, "iv": 69.04, "instrument_name": "BTC-26MAR21-52000-C", "index_price": 52520.2, "direction": "buy", "amount": 1.5}, {"trade_seq": 9399, "trade_id": "139016418", "timestamp": 1616730183753, "tick_direction": 1, "price": 0.0125, "mark_price": 0.01269658, "iv": 69.04, "instrument_name": "BTC-26MAR21-52000-C", "index_price": 52520.2, "direction": "buy", "amount": 11.8}, {"trade_seq": 9398, "trade_id": "139016413", "timestamp": 1616730183550, "tick_direction": 1, "price": 0.0125, "mark_price": 0.01269184, "iv": 69.04, "instrument_name": "BTC-26MAR21-52000-C", "index_price": 52520.2, "direction": "buy", "amount": 1.3}, {"trade_seq": 9397, "trade_id": "139016379", "timestamp": 1616730183030, "tick_direction": 1, "price": 0.0125, "mark_price": 0.01269184, "iv": 69.1, "instrument_name": "BTC-26MAR21-52000-C", "index_price": 52508.29, "direction": "buy", "amount": 1.1}, {"trade_seq": 9396, "trade_id": "139016378", "timestamp": 1616730182885, "tick_direction": 0, "price": 0.0125, "mark_price": 0.01269184, "iv": 69.1, "instrument_name": "BTC-26MAR21-52000-C", "index_price": 52508.29, "direction": "buy", "amount": 0.5}, {"trade_seq": 9395, "trade_id": "139015584", "timestamp": 1616730108574, "tick_direction": 1, "price": 0.011, "mark_price": 0.01108228, "iv": 70.1, "instrument_name": "BTC-26MAR21-52000-C", "index_price": 52394.22, "direction": "buy", "amount": 0.7}, {"trade_seq": 9394, "trade_id": "139015562", "timestamp": 1616730108165, "tick_direction": 1, "price": 0.011, "mark_price": 0.01108228, "iv": 70.1, "instrument_name": "BTC-26MAR21-52000-C", "index_price": 52394.22, "direction": "buy", "amount": 0.4}, {"trade_seq": 9393, "trade_id": "139015518", "timestamp": 1616730107735, "tick_direction": 1, "price": 0.011, "mark_price": 0.01108228, "iv": 70.1, "instrument_name": "BTC-26MAR21-52000-C", "index_price": 52394.22, "direction": "buy", "amount": 0.1}, {"trade_seq": 9392, "trade_id": "139015516", "timestamp": 1616730107711, "tick_direction": 0, "price": 0.011, "mark_price": 0.01108228, "iv": 70.1, "instrument_name": "BTC-26MAR21-52000-C", "index_price": 52394.22, "direction": "buy", "amount": 1.0}, {"trade_seq": 9391, "trade_id": "139015187", "timestamp": 1616730075568, "tick_direction": 3, "price": 0.0105, "mark_price": 0.01098539, "iv": 64.93, "instrument_name": "BTC-26MAR21-52000-C", "index_price": 52380.35, "direction": "buy", "amount": 0.2}, {"trade_seq": 9390, "trade_id": "139015186", "timestamp": 1616730075501, "tick_direction": 3, "price": 0.0105, "mark_price": 0.01091777, "iv": 64.93, "instrument_name": "BTC-26MAR21-52000-C", "index_price": 52380.35, "direction": "buy", "amount": 0.6}, {"trade_seq": 9389, "trade_id": "139015179", "timestamp": 1616730075216, "tick_direction": 3, "price": 0.0105, "mark_price": 0.01091777, "iv": 65.83, "instrument_name": "BTC-26MAR21-52000-C", "index_price": 52365.41, "direction": "buy", "amount": 0.5}, {"trade_seq": 9388, "trade_id": "139015178", "timestamp": 1616730075194, "tick_direction": 3, "price": 0.0105, "mark_price": 0.01091777, "iv": 65.83, "instrument_name": "BTC-26MAR21-52000-C", "index_price": 52365.41, "direction": "buy", "amount": 0.2}, {"trade_seq": 9387, "trade_id": "139015170", "timestamp": 1616730074340, "tick_direction": 3, "price": 0.0105, "mark_price": 0.01091562, "iv": 65.86, "instrument_name": "BTC-26MAR21-52000-C", "index_price": 52360.43, "direction": "buy", "amount": 0.5}, {"trade_seq": 9386, "trade_id": "139015167", "timestamp": 1616730074213, "tick_direction": 3, "price": 0.0105, "mark_price": 0.01091562, "iv": 65.86, "instrument_name": "BTC-26MAR21-52000-C", "index_price": 52360.43, "direction": "buy", "amount": 0.4}, {"trade_seq": 9385, "trade_id": "139015155", "timestamp": 1616730073456, "tick_direction": 3, "price": 0.0105, "mark_price": 0.01078909, "iv": 67.18, "instrument_name": "BTC-26MAR21-52000-C", "index_price": 52353.26, "direction": "buy", "amount": 0.3}, {"trade_seq": 9384, "trade_id": "139015153", "timestamp": 1616730073104, "tick_direction": 3, "price": 0.0105, "mark_price": 0.01078909, "iv": 67.52, "instrument_name": "BTC-26MAR21-52000-C", "index_price": 52353.26, "direction": "buy", "amount": 0.3}, {"trade_seq": 9383, "trade_id": "139015148", "timestamp": 1616730073056, "tick_direction": 2, "price": 0.0105, "mark_price": 0.01078909, "iv": 67.52, "instrument_name": "BTC-26MAR21-52000-C", "index_price": 52353.26, "direction": "buy", "amount": 0.3}, {"trade_seq": 9382, "trade_id": "139012429", "timestamp": 1616729155764, "tick_direction": 0, "price": 0.012, "mark_price": 0.01232282, "iv": 62.17, "instrument_name": "BTC-26MAR21-52000-C", "index_price": 52485.53, "direction": "buy", "amount": 0.2}, {"trade_seq": 9381, "trade_id": "139011122", "timestamp": 1616728841746, "tick_direction": 1, "price": 0.008, "mark_price": 0.00879652, "iv": 56.42, "instrument_name": "BTC-26MAR21-52000-C", "index_price": 52216.11, "direction": "buy", "amount": 0.5}, {"trade_seq": 9380, "trade_id": "139011110", "timestamp": 1616728837847, "tick_direction": 1, "price": 0.008, "mark_price": 0.00871221, "iv": 57.43, "instrument_name": "BTC-26MAR21-52000-C", "index_price": 52212.33, "direction": "buy", "amount": 0.5}, {"trade_seq": 9379, "trade_id": "139011109", "timestamp": 1616728837801, "tick_direction": 1, "price": 0.008, "mark_price": 0.00871221, "iv": 57.43, "instrument_name": "BTC-26MAR21-52000-C", "index_price": 52212.33, "direction": "buy", "amount": 0.5}, {"trade_seq": 9378, "trade_id": "139011108", "timestamp": 1616728837723, "tick_direction": 1, "price": 0.008, "mark_price": 0.00871221, "iv": 57.43, "instrument_name": "BTC-26MAR21-52000-C", "index_price": 52208.89, "direction": "buy", "amount": 0.5}, {"trade_seq": 9377, "trade_id": "139011100", "timestamp": 1616728837484, "tick_direction": 1, "price": 0.008, "mark_price": 0.00871221, "iv": 57.43, "instrument_name": "BTC-26MAR21-52000-C", "index_price": 52208.89, "direction": "buy", "amount": 0.3}, {"trade_seq": 9376, "trade_id": "139011096", "timestamp": 1616728837432, "tick_direction": 1, "price": 0.008, "mark_price": 0.00871221, "iv": 57.43, "instrument_name": "BTC-26MAR21-52000-C", "index_price": 52208.89, "direction": "buy", "amount": 0.5}, {"trade_seq": 9375, "trade_id": "139011085", "timestamp": 1616728837388, "tick_direction": 1, "price": 0.008, "mark_price": 0.00871221, "iv": 57.43, "instrument_name": "BTC-26MAR21-52000-C", "index_price": 52208.89, "direction": "buy", "amount": 0.4}, {"trade_seq": 9374, "trade_id": "139011030", "timestamp": 1616728831932, "tick_direction": 1, "price": 0.008, "mark_price": 0.00860038, "iv": 58.75, "instrument_name": "BTC-26MAR21-52000-C", "index_price": 52198.01, "direction": "buy", "amount": 0.3}, {"trade_seq": 9373, "trade_id": "139011029", "timestamp": 1616728831871, "tick_direction": 1, "price": 0.008, "mark_price": 0.00860038, "iv": 58.75, "instrument_name": "BTC-26MAR21-52000-C", "index_price": 52198.01, "direction": "buy", "amount": 0.3}, {"trade_seq": 9372, "trade_id": "139011028", "timestamp": 1616728831786, "tick_direction": 1, "price": 0.008, "mark_price": 0.00858511, "iv": 58.75, "instrument_name": "BTC-26MAR21-52000-C", "index_price": 52198.01, "direction": "buy", "amount": 0.1}, {"trade_seq": 9371, "trade_id": "139010822", "timestamp": 1616728773971, "tick_direction": 1, "price": 0.008, "mark_price": 0.00854399, "iv": 59.48, "instrument_name": "BTC-26MAR21-52000-C", "index_price": 52196.12, "direction": "buy", "amount": 0.1}, {"trade_seq": 9370, "trade_id": "139010821", "timestamp": 1616728773969, "tick_direction": 1, "price": 0.008, "mark_price": 0.00854399, "iv": 59.48, "instrument_name": "BTC-26MAR21-52000-C", "index_price": 52196.12, "direction": "buy", "amount": 0.3}, {"trade_seq": 9369, "trade_id": "139010805", "timestamp": 1616728766777, "tick_direction": 1, "price": 0.008, "mark_price": 0.00852312, "iv": 59.74, "instrument_name": "BTC-26MAR21-52000-C", "index_price": 52193.43, "direction": "buy", "amount": 0.3}, {"trade_seq": 9368, "trade_id": "139010799", "timestamp": 1616728766464, "tick_direction": 0, "price": 0.008, "mark_price": 0.00836107, "iv": 59.74, "instrument_name": "BTC-26MAR21-52000-C", "index_price": 52193.43, "direction": "buy", "amount": 0.4}, {"trade_seq": 9367, "trade_id": "139007570", "timestamp": 1616727637768, "tick_direction": 1, "price": 0.005, "mark_price": 0.0058011, "iv": 56.53, "instrument_name": "BTC-26MAR21-52000-C", "index_price": 51907.63, "direction": "buy", "amount": 0.1}, {"trade_seq": 9366, "trade_id": "139007569", "timestamp": 1616727637768, "tick_direction": 1, "price": 0.005, "mark_price": 0.0058011, "iv": 56.53, "instrument_name": "BTC-26MAR21-52000-C", "index_price": 51907.63, "direction": "buy", "amount": 7.3}, {"trade_seq": 9365, "trade_id": "139007532", "timestamp": 1616727636012, "tick_direction": 1, "price": 0.005, "mark_price": 0.00560748, "iv": 58.69, "instrument_name": "BTC-26MAR21-52000-C", "index_price": 51888.73, "direction": "buy", "amount": 0.7}, {"trade_seq": 9364, "trade_id": "139007299", "timestamp": 1616727610864, "tick_direction": 0, "price": 0.005, "mark_price": 0.00473546, "iv": 66.71, "instrument_name": "BTC-26MAR21-52000-C", "index_price": 51791.82, "direction": "buy", "amount": 14.0}, {"trade_seq": 9363, "trade_id": "139007030", "timestamp": 1616727555041, "tick_direction": 3, "price": 0.004, "mark_price": 0.00394531, "iv": 64.85, "instrument_name": "BTC-26MAR21-52000-C", "index_price": 51689.25, "direction": "sell", "amount": 0.2}, {"trade_seq": 9362, "trade_id": "139003221", "timestamp": 1616726129670, "tick_direction": 3, "price": 0.004, "mark_price": 0.00446749, "iv": 60.58, "instrument_name": "BTC-26MAR21-52000-C", "index_price": 51707.14, "direction": "sell", "amount": 0.3}, {"trade_seq": 9361, "trade_id": "139003215", "timestamp": 1616726129592, "tick_direction": 3, "price": 0.004, "mark_price": 0.00446749, "iv": 60.58, "instrument_name": "BTC-26MAR21-52000-C", "index_price": 51707.14, "direction": "sell", "amount": 0.4}, {"trade_seq": 9360, "trade_id": "139003198", "timestamp": 1616726129424, "tick_direction": 3, "price": 0.004, "mark_price": 0.00446749, "iv": 60.13, "instrument_name": "BTC-26MAR21-52000-C", "index_price": 51711.89, "direction": "sell", "amount": 0.4}, {"trade_seq": 9359, "trade_id": "139003184", "timestamp": 1616726128891, "tick_direction": 3, "price": 0.004, "mark_price": 0.00450379, "iv": 60.13, "instrument_name": "BTC-26MAR21-52000-C", "index_price": 51711.89, "direction": "sell", "amount": 0.2}, {"trade_seq": 9358, "trade_id": "139003183", "timestamp": 1616726128862, "tick_direction": 3, "price": 0.004, "mark_price": 0.00450379, "iv": 60.13, "instrument_name": "BTC-26MAR21-52000-C", "index_price": 51711.89, "direction": "sell", "amount": 0.4}, {"trade_seq": 9357, "trade_id": "139003179", "timestamp": 1616726128776, "tick_direction": 3, "price": 0.004, "mark_price": 0.00450379, "iv": 60.13, "instrument_name": "BTC-26MAR21-52000-C", "index_price": 51711.89, "direction": "sell", "amount": 0.8}, {"trade_seq": 9356, "trade_id": "139003160", "timestamp": 1616726127534, "tick_direction": 2, "price": 0.004, "mark_price": 0.00454584, "iv": 59.76, "instrument_name": "BTC-26MAR21-52000-C", "index_price": 51717.66, "direction": "sell", "amount": 0.5}, {"trade_seq": 9355, "trade_id": "139000661", "timestamp": 1616725205332, "tick_direction": 3, "price": 0.005, "mark_price": 0.00538787, "iv": 60.84, "instrument_name": "BTC-26MAR21-52000-C", "index_price": 51823.57, "direction": "sell", "amount": 0.4}, {"trade_seq": 9354, "trade_id": "139000660", "timestamp": 1616725205301, "tick_direction": 3, "price": 0.005, "mark_price": 0.00538787, "iv": 60.84, "instrument_name": "BTC-26MAR21-52000-C", "index_price": 51823.57, "direction": "sell", "amount": 0.6}, {"trade_seq": 9353, "trade_id": "139000659", "timestamp": 1616725205250, "tick_direction": 3, "price": 0.005, "mark_price": 0.00538787, "iv": 60.84, "instrument_name": "BTC-26MAR21-52000-C", "index_price": 51823.57, "direction": "sell", "amount": 0.9}, {"trade_seq": 9352, "trade_id": "139000656", "timestamp": 1616725205066, "tick_direction": 3, "price": 0.005, "mark_price": 0.00538787, "iv": 60.84, "instrument_name": "BTC-26MAR21-52000-C", "index_price": 51823.57, "direction": "sell", "amount": 0.7}, {"trade_seq": 9351, "trade_id": "139000558", "timestamp": 1616725188564, "tick_direction": 3, "price": 0.005, "mark_price": 0.0056398, "iv": 58.45, "instrument_name": "BTC-26MAR21-52000-C", "index_price": 51846.56, "direction": "sell", "amount": 0.4}, {"trade_seq": 9350, "trade_id": "139000549", "timestamp": 1616725183656, "tick_direction": 3, "price": 0.005, "mark_price": 0.00559315, "iv": 58.74, "instrument_name": "BTC-26MAR21-52000-C", "index_price": 51847.08, "direction": "sell", "amount": 0.4}, {"trade_seq": 9349, "trade_id": "139000472", "timestamp": 1616725176473, "tick_direction": 3, "price": 0.005, "mark_price": 0.00571991, "iv": 58.19, "instrument_name": "BTC-26MAR21-52000-C", "index_price": 51856.31, "direction": "sell", "amount": 0.5}, {"trade_seq": 9348, "trade_id": "139000441", "timestamp": 1616725167171, "tick_direction": 3, "price": 0.005, "mark_price": 0.00592552, "iv": 56.82, "instrument_name": "BTC-26MAR21-52000-C", "index_price": 51859.38, "direction": "sell", "amount": 0.1}, {"trade_seq": 9347, "trade_id": "139000438", "timestamp": 1616725167169, "tick_direction": 2, "price": 0.005, "mark_price": 0.00592552, "iv": 56.82, "instrument_name": "BTC-26MAR21-52000-C", "index_price": 51859.38, "direction": "sell", "amount": 0.4}, {"trade_seq": 9346, "trade_id": "138999166", "timestamp": 1616724745013, "tick_direction": 1, "price": 0.008, "mark_price": 0.00893245, "iv": 55.77, "instrument_name": "BTC-26MAR21-52000-C", "index_price": 52173.57, "direction": "buy", "amount": 0.4}, {"trade_seq": 9345, "trade_id": "138987247", "timestamp": 1616719565413, "tick_direction": 1, "price": 0.008, "mark_price": 0.00885954, "iv": 60.19, "instrument_name": "BTC-26MAR21-52000-C", "index_price": 52082.57, "direction": "buy", "amount": 0.4}, {"trade_seq": 9344, "trade_id": "138987234", "timestamp": 1616719565295, "tick_direction": 1, "price": 0.008, "mark_price": 0.00885954, "iv": 60.19, "instrument_name": "BTC-26MAR21-52000-C", "index_price": 52082.57, "direction": "buy", "amount": 0.1}, {"trade_seq": 9343, "trade_id": "138987229", "timestamp": 1616719565218, "tick_direction": 1, "price": 0.008, "mark_price": 0.00885954, "iv": 60.19, "instrument_name": "BTC-26MAR21-52000-C", "index_price": 52082.57, "direction": "buy", "amount": 0.1}, {"trade_seq": 9342, "trade_id": "138987226", "timestamp": 1616719565208, "tick_direction": 1, "price": 0.008, "mark_price": 0.00885954, "iv": 60.19, "instrument_name": "BTC-26MAR21-52000-C", "index_price": 52082.57, "direction": "buy", "amount": 0.8}, {"trade_seq": 9341, "trade_id": "138987206", "timestamp": 1616719565097, "tick_direction": 1, "price": 0.008, "mark_price": 0.00885954, "iv": 60.19, "instrument_name": "BTC-26MAR21-52000-C", "index_price": 52082.57, "direction": "buy", "amount": 0.2}, {"trade_seq": 9340, "trade_id": "138987204", "timestamp": 1616719564991, "tick_direction": 1, "price": 0.008, "mark_price": 0.00877622, "iv": 60.19, "instrument_name": "BTC-26MAR21-52000-C", "index_price": 52082.57, "direction": "buy", "amount": 0.6}, {"trade_seq": 9339, "trade_id": "138987187", "timestamp": 1616719564424, "tick_direction": 1, "price": 0.008, "mark_price": 0.00877622, "iv": 60.29, "instrument_name": "BTC-26MAR21-52000-C", "index_price": 52081.31, "direction": "buy", "amount": 0.6}, {"trade_seq": 9338, "trade_id": "138987162", "timestamp": 1616719562323, "tick_direction": 1, "price": 0.008, "mark_price": 0.00866197, "iv": 61.96, "instrument_name": "BTC-26MAR21-52000-C", "index_price": 52065.12, "direction": "buy", "amount": 3.9}, {"trade_seq": 9337, "trade_id": "138987161", "timestamp": 1616719562272, "tick_direction": 1, "price": 0.008, "mark_price": 0.00866197, "iv": 61.96, "instrument_name": "BTC-26MAR21-52000-C", "index_price": 52065.12, "direction": "buy", "amount": 4.2}, {"trade_seq": 9336, "trade_id": "138987160", "timestamp": 1616719562239, "tick_direction": 0, "price": 0.008, "mark_price": 0.00866197, "iv": 61.96, "instrument_name": "BTC-26MAR21-52000-C", "index_price": 52065.12, "direction": "buy", "amount": 8.1}, {"trade_seq": 9335, "trade_id": "138986728", "timestamp": 1616719463392, "tick_direction": 2, "price": 0.0075, "mark_price": 0.00837228, "iv": 60.5, "instrument_name": "BTC-26MAR21-52000-C", "index_price": 52030.61, "direction": "buy", "amount": 1.0}, {"trade_seq": 9334, "trade_id": "138985823", "timestamp": 1616719147163, "tick_direction": 1, "price": 0.008, "mark_price": 0.00867878, "iv": 64.15, "instrument_name": "BTC-26MAR21-52000-C", "index_price": 52043.41, "direction": "buy", "amount": 0.1}, {"trade_seq": 9333, "trade_id": "138985822", "timestamp": 1616719147161, "tick_direction": 1, "price": 0.008, "mark_price": 0.00867878, "iv": 64.15, "instrument_name": "BTC-26MAR21-52000-C", "index_price": 52043.41, "direction": "buy", "amount": 0.7}, {"trade_seq": 9332, "trade_id": "138985359", "timestamp": 1616718966420, "tick_direction": 1, "price": 0.008, "mark_price": 0.00883272, "iv": 63.99, "instrument_name": "BTC-26MAR21-52000-C", "index_price": 52026.55, "direction": "buy", "amount": 0.6}, {"trade_seq": 9331, "trade_id": "138985341", "timestamp": 1616718963831, "tick_direction": 0, "price": 0.008, "mark_price": 0.00869261, "iv": 64.88, "instrument_name": "BTC-26MAR21-52000-C", "index_price": 52015.53, "direction": "buy", "amount": 14.0}, {"trade_seq": 9330, "trade_id": "138982898", "timestamp": 1616718261396, "tick_direction": 2, "price": 0.006, "mark_price": 0.00679649, "iv": 68.48, "instrument_name": "BTC-26MAR21-52000-C", "index_price": 51726.62, "direction": "sell", "amount": 0.1}, {"trade_seq": 9329, "trade_id": "138982800", "timestamp": 1616718206100, "tick_direction": 3, "price": 0.0065, "mark_price": 0.00697153, "iv": 70.4, "instrument_name": "BTC-26MAR21-52000-C", "index_price": 51763.56, "direction": "sell", "amount": 0.1}, {"trade_seq": 9328, "trade_id": "138982782", "timestamp": 1616718200940, "tick_direction": 3, "price": 0.0065, "mark_price": 0.00705986, "iv": 71.33, "instrument_name": "BTC-26MAR21-52000-C", "index_price": 51748.81, "direction": "sell", "amount": 0.1}, {"trade_seq": 9327, "trade_id": "138982760", "timestamp": 1616718195813, "tick_direction": 3, "price": 0.0065, "mark_price": 0.0071988, "iv": 69.77, "instrument_name": "BTC-26MAR21-52000-C", "index_price": 51769.71, "direction": "sell", "amount": 0.1}, {"trade_seq": 9326, "trade_id": "138982748", "timestamp": 1616718190702, "tick_direction": 2, "price": 0.0065, "mark_price": 0.00735115, "iv": 68.93, "instrument_name": "BTC-26MAR21-52000-C", "index_price": 51788.77, "direction": "sell", "amount": 0.1}, {"trade_seq": 9325, "trade_id": "138980503", "timestamp": 1616717663547, "tick_direction": 3, "price": 0.008, "mark_price": 0.00873296, "iv": 72.75, "instrument_name": "BTC-26MAR21-52000-C", "index_price": 51898.92, "direction": "buy", "amount": 0.4}, {"trade_seq": 9324, "trade_id": "138980499", "timestamp": 1616717663134, "tick_direction": 3, "price": 0.008, "mark_price": 0.00874955, "iv": 72.72, "instrument_name": "BTC-26MAR21-52000-C", "index_price": 51896.69, "direction": "buy", "amount": 0.1}, {"trade_seq": 9323, "trade_id": "138980498", "timestamp": 1616717663130, "tick_direction": 3, "price": 0.008, "mark_price": 0.00874955, "iv": 72.72, "instrument_name": "BTC-26MAR21-52000-C", "index_price": 51896.69, "direction": "buy", "amount": 0.1}, {"trade_seq": 9322, "trade_id": "138980497", "timestamp": 1616717663060, "tick_direction": 3, "price": 0.008, "mark_price": 0.00874955, "iv": 72.72, "instrument_name": "BTC-26MAR21-52000-C", "index_price": 51896.69, "direction": "buy", "amount": 0.4}, {"trade_seq": 9321, "trade_id": "138980496", "timestamp": 1616717663050, "tick_direction": 3, "price": 0.008, "mark_price": 0.00874955, "iv": 72.72, "instrument_name": "BTC-26MAR21-52000-C", "index_price": 51896.69, "direction": "buy", "amount": 4.3}, {"trade_seq": 9320, "trade_id": "138980495", "timestamp": 1616717663022, "tick_direction": 3, "price": 0.008, "mark_price": 0.00874955, "iv": 72.72, "instrument_name": "BTC-26MAR21-52000-C", "index_price": 51896.69, "direction": "sell", "amount": 1.3}, {"trade_seq": 9319, "trade_id": "138980494", "timestamp": 1616717663022, "tick_direction": 2, "price": 0.008, "mark_price": 0.00874955, "iv": 72.72, "instrument_name": "BTC-26MAR21-52000-C", "index_price": 51896.69, "direction": "sell", "amount": 14.0}, {"trade_seq": 9318, "trade_id": "138979572", "timestamp": 1616717420663, "tick_direction": 0, "price": 0.01, "mark_price": 0.01001143, "iv": 78.06, "instrument_name": "BTC-26MAR21-52000-C", "index_price": 52029.05, "direction": "buy", "amount": 0.5}, {"trade_seq": 9317, "trade_id": "138975232", "timestamp": 1616716893310, "tick_direction": 0, "price": 0.0055, "mark_price": 0.00537335, "iv": 78.29, "instrument_name": "BTC-26MAR21-52000-C", "index_price": 51479.69, "direction": "buy", "amount": 0.1}, {"trade_seq": 9316, "trade_id": "138974985", "timestamp": 1616716851088, "tick_direction": 2, "price": 0.0045, "mark_price": 0.00444216, "iv": 77.7, "instrument_name": "BTC-26MAR21-52000-C", "index_price": 51330.47, "direction": "buy", "amount": 0.1}, {"trade_seq": 9315, "trade_id": "138973245", "timestamp": 1616716072912, "tick_direction": 0, "price": 0.005, "mark_price": 0.00482512, "iv": 77.23, "instrument_name": "BTC-26MAR21-52000-C", "index_price": 51405.74, "direction": "buy", "amount": 0.1}, {"trade_seq": 9314, "trade_id": "138973065", "timestamp": 1616716026234, "tick_direction": 2, "price": 0.0045, "mark_price": 0.00450461, "iv": 75.49, "instrument_name": "BTC-26MAR21-52000-C", "index_price": 51328.7, "direction": "buy", "amount": 0.1}, {"trade_seq": 9313, "trade_id": "138970880", "timestamp": 1616715616434, "tick_direction": 2, "price": 0.0055, "mark_price": 0.00562187, "iv": 74.08, "instrument_name": "BTC-26MAR21-52000-C", "index_price": 51501.91, "direction": "buy", "amount": 0.1}, {"trade_seq": 9312, "trade_id": "138962986", "timestamp": 1616712878624, "tick_direction": 2, "price": 0.007, "mark_price": 0.00763237, "iv": 72.82, "instrument_name": "BTC-26MAR21-52000-C", "index_price": 51672.3, "direction": "sell", "amount": 0.1}, {"trade_seq": 9311, "trade_id": "138961853", "timestamp": 1616712657967, "tick_direction": 2, "price": 0.0085, "mark_price": 0.00884602, "iv": 76.16, "instrument_name": "BTC-26MAR21-52000-C", "index_price": 51798.36, "direction": "buy", "amount": 0.1}, {"trade_seq": 9310, "trade_id": "138960911", "timestamp": 1616712518939, "tick_direction": 2, "price": 0.009, "mark_price": 0.00967889, "iv": 74.05, "instrument_name": "BTC-26MAR21-52000-C", "index_price": 51874.23, "direction": "sell", "amount": 0.1}, {"trade_seq": 9309, "trade_id": "138960429", "timestamp": 1616712467163, "tick_direction": 2, "price": 0.01, "mark_price": 0.01107584, "iv": 73.07, "instrument_name": "BTC-26MAR21-52000-C", "index_price": 52001.49, "direction": "sell", "amount": 0.1}, {"trade_seq": 9308, "trade_id": "138959909", "timestamp": 1616712404538, "tick_direction": 2, "price": 0.0115, "mark_price": 0.01214079, "iv": 74.6, "instrument_name": "BTC-26MAR21-52000-C", "index_price": 52111.94, "direction": "sell", "amount": 0.1}, {"trade_seq": 9307, "trade_id": "138958509", "timestamp": 1616712029019, "tick_direction": 2, "price": 0.013, "mark_price": 0.01343899, "iv": 77.33, "instrument_name": "BTC-26MAR21-52000-C", "index_price": 52237.42, "direction": "sell", "amount": 0.1}, {"trade_seq": 9306, "trade_id": "138956692", "timestamp": 1616711552971, "tick_direction": 2, "price": 0.0145, "mark_price": 0.01477619, "iv": 78.52, "instrument_name": "BTC-26MAR21-52000-C", "index_price": 52354.79, "direction": "sell", "amount": 0.1}, {"trade_seq": 9305, "trade_id": "138949419", "timestamp": 1616709465267, "tick_direction": 0, "price": 0.016, "mark_price": 0.01560919, "iv": 83.5, "instrument_name": "BTC-26MAR21-52000-C", "index_price": 52426.71, "direction": "buy", "amount": 0.1}, {"trade_seq": 9304, "trade_id": "138945754", "timestamp": 1616708761569, "tick_direction": 0, "price": 0.0145, "mark_price": 0.01431042, "iv": 80.22, "instrument_name": "BTC-26MAR21-52000-C", "index_price": 52305.81, "direction": "buy", "amount": 0.1}, {"trade_seq": 9303, "trade_id": "138944028", "timestamp": 1616708014332, "tick_direction": 0, "price": 0.0135, "mark_price": 0.01432012, "iv": 71.15, "instrument_name": "BTC-26MAR21-52000-C", "index_price": 52294.64, "direction": "buy", "amount": 1.0}, {"trade_seq": 9302, "trade_id": "138943965", "timestamp": 1616707981110, "tick_direction": 0, "price": 0.013, "mark_price": 0.01396068, "iv": 70.43, "instrument_name": "BTC-26MAR21-52000-C", "index_price": 52279.69, "direction": "buy", "amount": 1.0}, {"trade_seq": 9301, "trade_id": "138943773", "timestamp": 1616707860793, "tick_direction": 3, "price": 0.0125, "mark_price": 0.01292338, "iv": 74.42, "instrument_name": "BTC-26MAR21-52000-C", "index_price": 52180.19, "direction": "buy", "amount": 0.3}, {"trade_seq": 9300, "trade_id": "138943772", "timestamp": 1616707860748, "tick_direction": 2, "price": 0.0125, "mark_price": 0.01292338, "iv": 74.42, "instrument_name": "BTC-26MAR21-52000-C", "index_price": 52180.19, "direction": "buy", "amount": 0.2}, {"trade_seq": 9299, "trade_id": "138933137", "timestamp": 1616704364631, "tick_direction": 3, "price": 0.014, "mark_price": 0.01428847, "iv": 76.05, "instrument_name": "BTC-26MAR21-52000-C", "index_price": 52225.87, "direction": "buy", "amount": 0.4}, {"trade_seq": 9298, "trade_id": "138933128", "timestamp": 1616704361493, "tick_direction": 2, "price": 0.014, "mark_price": 0.01423766, "iv": 76.41, "instrument_name": "BTC-26MAR21-52000-C", "index_price": 52217.98, "direction": "buy", "amount": 0.4}, {"trade_seq": 9297, "trade_id": "138928745", "timestamp": 1616703673424, "tick_direction": 0, "price": 0.018, "mark_price": 0.01774542, "iv": 79.79, "instrument_name": "BTC-26MAR21-52000-C", "index_price": 52530.02, "direction": "sell", "amount": 0.1}, {"trade_seq": 9296, "trade_id": "138925394", "timestamp": 1616703068395, "tick_direction": 1, "price": 0.015, "mark_price": 0.01460312, "iv": 78.22, "instrument_name": "BTC-26MAR21-52000-C", "index_price": 52308.47, "direction": "buy", "amount": 0.7}, {"trade_seq": 9295, "trade_id": "138925391", "timestamp": 1616703068200, "tick_direction": 1, "price": 0.015, "mark_price": 0.01460312, "iv": 78.47, "instrument_name": "BTC-26MAR21-52000-C", "index_price": 52300.92, "direction": "buy", "amount": 0.3}, {"trade_seq": 9294, "trade_id": "138925381", "timestamp": 1616703067968, "tick_direction": 0, "price": 0.015, "mark_price": 0.01460312, "iv": 78.47, "instrument_name": "BTC-26MAR21-52000-C", "index_price": 52300.92, "direction": "buy", "amount": 0.5}, {"trade_seq": 9293, "trade_id": "138925235", "timestamp": 1616702986021, "tick_direction": 1, "price": 0.0145, "mark_price": 0.01413013, "iv": 77.29, "instrument_name": "BTC-26MAR21-52000-C", "index_price": 52262.44, "direction": "buy", "amount": 0.2}, {"trade_seq": 9292, "trade_id": "138925232", "timestamp": 1616702985151, "tick_direction": 1, "price": 0.0145, "mark_price": 0.01412444, "iv": 78.11, "instrument_name": "BTC-26MAR21-52000-C", "index_price": 52253.4, "direction": "buy", "amount": 0.1}, {"trade_seq": 9291, "trade_id": "138925229", "timestamp": 1616702984882, "tick_direction": 0, "price": 0.0145, "mark_price": 0.01412444, "iv": 78.11, "instrument_name": "BTC-26MAR21-52000-C", "index_price": 52253.4, "direction": "buy", "amount": 0.7}, {"trade_seq": 9290, "trade_id": "138925209", "timestamp": 1616702967826, "tick_direction": 1, "price": 0.014, "mark_price": 0.01393674, "iv": 75.51, "instrument_name": "BTC-26MAR21-52000-C", "index_price": 52230.4, "direction": "buy", "amount": 0.2}, {"trade_seq": 9289, "trade_id": "138925206", "timestamp": 1616702965789, "tick_direction": 1, "price": 0.014, "mark_price": 0.01390187, "iv": 76.17, "instrument_name": "BTC-26MAR21-52000-C", "index_price": 52222.41, "direction": "buy", "amount": 0.1}, {"trade_seq": 9288, "trade_id": "138925204", "timestamp": 1616702965486, "tick_direction": 0, "price": 0.014, "mark_price": 0.01390187, "iv": 76.17, "instrument_name": "BTC-26MAR21-52000-C", "index_price": 52220.34, "direction": "buy", "amount": 0.3}, {"trade_seq": 9287, "trade_id": "138924818", "timestamp": 1616702833028, "tick_direction": 0, "price": 0.0135, "mark_price": 0.01388863, "iv": 73.01, "instrument_name": "BTC-26MAR21-52000-C", "index_price": 52207.83, "direction": "buy", "amount": 1.0}, {"trade_seq": 9286, "trade_id": "138916363", "timestamp": 1616700543271, "tick_direction": 0, "price": 0.011, "mark_price": 0.01057292, "iv": 79.27, "instrument_name": "BTC-26MAR21-52000-C", "index_price": 51877.25, "direction": "buy", "amount": 0.1}, {"trade_seq": 9285, "trade_id": "138915221", "timestamp": 1616700245991, "tick_direction": 0, "price": 0.01, "mark_price": 0.00981575, "iv": 77.02, "instrument_name": "BTC-26MAR21-52000-C", "index_price": 51759.5, "direction": "buy", "amount": 0.1}, {"trade_seq": 9284, "trade_id": "138914873", "timestamp": 1616700221051, "tick_direction": 2, "price": 0.009, "mark_price": 0.00918601, "iv": 75.67, "instrument_name": "BTC-26MAR21-52000-C", "index_price": 51686.88, "direction": "sell", "amount": 0.1}, {"trade_seq": 9283, "trade_id": "138914127", "timestamp": 1616700187059, "tick_direction": 2, "price": 0.0105, "mark_price": 0.01063827, "iv": 75.7, "instrument_name": "BTC-26MAR21-52000-C", "index_price": 51852.66, "direction": "sell", "amount": 0.1}, {"trade_seq": 9282, "trade_id": "138912910", "timestamp": 1616699931653, "tick_direction": 2, "price": 0.0125, "mark_price": 0.01288993, "iv": 74.8, "instrument_name": "BTC-26MAR21-52000-C", "index_price": 52072.72, "direction": "sell", "amount": 0.1}, {"trade_seq": 9281, "trade_id": "138912035", "timestamp": 1616699690559, "tick_direction": 2, "price": 0.0135, "mark_price": 0.01339794, "iv": 77.87, "instrument_name": "BTC-26MAR21-52000-C", "index_price": 52136.36, "direction": "sell", "amount": 0.1}, {"trade_seq": 9280, "trade_id": "138911733", "timestamp": 1616699610574, "tick_direction": 2, "price": 0.0145, "mark_price": 0.01423569, "iv": 78.7, "instrument_name": "BTC-26MAR21-52000-C", "index_price": 52217.29, "direction": "buy", "amount": 0.3}, {"trade_seq": 9279, "trade_id": "138910924", "timestamp": 1616699202057, "tick_direction": 1, "price": 0.015, "mark_price": 0.01378061, "iv": 83.85, "instrument_name": "BTC-26MAR21-52000-C", "index_price": 52190.34, "direction": "buy", "amount": 0.9}, {"trade_seq": 9278, "trade_id": "138910923", "timestamp": 1616699202057, "tick_direction": 0, "price": 0.015, "mark_price": 0.01378061, "iv": 83.85, "instrument_name": "BTC-26MAR21-52000-C", "index_price": 52190.34, "direction": "buy", "amount": 0.1}, {"trade_seq": 9277, "trade_id": "138910545", "timestamp": 1616699047233, "tick_direction": 3, "price": 0.0145, "mark_price": 0.01393988, "iv": 79.08, "instrument_name": "BTC-26MAR21-52000-C", "index_price": 52195.76, "direction": "buy", "amount": 0.1}, {"trade_seq": 9276, "trade_id": "138910297", "timestamp": 1616698967960, "tick_direction": 3, "price": 0.0145, "mark_price": 0.01388461, "iv": 79.06, "instrument_name": "BTC-26MAR21-52000-C", "index_price": 52199.15, "direction": "sell", "amount": 0.1}, {"trade_seq": 9275, "trade_id": "138910296", "timestamp": 1616698967812, "tick_direction": 3, "price": 0.0145, "mark_price": 0.01388461, "iv": 79.06, "instrument_name": "BTC-26MAR21-52000-C", "index_price": 52199.15, "direction": "sell", "amount": 0.1}, {"trade_seq": 9274, "trade_id": "138910291", "timestamp": 1616698964876, "tick_direction": 3, "price": 0.0145, "mark_price": 0.01391875, "iv": 78.82, "instrument_name": "BTC-26MAR21-52000-C", "index_price": 52201.07, "direction": "sell", "amount": 0.2}, {"trade_seq": 9273, "trade_id": "138910281", "timestamp": 1616698962940, "tick_direction": 3, "price": 0.0145, "mark_price": 0.01390196, "iv": 78.91, "instrument_name": "BTC-26MAR21-52000-C", "index_price": 52202.67, "direction": "sell", "amount": 0.1}, {"trade_seq": 9272, "trade_id": "138910259", "timestamp": 1616698952757, "tick_direction": 3, "price": 0.0145, "mark_price": 0.01396951, "iv": 78.41, "instrument_name": "BTC-26MAR21-52000-C", "index_price": 52207.63, "direction": "sell", "amount": 0.3}, {"trade_seq": 9271, "trade_id": "138910235", "timestamp": 1616698946478, "tick_direction": 3, "price": 0.0145, "mark_price": 0.01389755, "iv": 78.84, "instrument_name": "BTC-26MAR21-52000-C", "index_price": 52196.74, "direction": "sell", "amount": 0.1}, {"trade_seq": 9270, "trade_id": "138910234", "timestamp": 1616698945206, "tick_direction": 2, "price": 0.0145, "mark_price": 0.01390101, "iv": 78.84, "instrument_name": "BTC-26MAR21-52000-C", "index_price": 52200.79, "direction": "sell", "amount": 0.1}, {"trade_seq": 9269, "trade_id": "138909626", "timestamp": 1616698739479, "tick_direction": 0, "price": 0.0155, "mark_price": 0.01469763, "iv": 78.4, "instrument_name": "BTC-26MAR21-52000-C", "index_price": 52298.69, "direction": "buy", "amount": 0.1}, {"trade_seq": 9268, "trade_id": "138908771", "timestamp": 1616698505592, "tick_direction": 2, "price": 0.014, "mark_price": 0.01359096, "iv": 75.05, "instrument_name": "BTC-26MAR21-52000-C", "index_price": 52188.54, "direction": "sell", "amount": 0.1}, {"trade_seq": 9267, "trade_id": "138907544", "timestamp": 1616698238656, "tick_direction": 0, "price": 0.0165, "mark_price": 0.01512237, "iv": 79.92, "instrument_name": "BTC-26MAR21-52000-C", "index_price": 52381.98, "direction": "buy", "amount": 0.1}, {"trade_seq": 9266, "trade_id": "138907421", "timestamp": 1616698210682, "tick_direction": 2, "price": 0.0155, "mark_price": 0.01453885, "iv": 77.04, "instrument_name": "BTC-26MAR21-52000-C", "index_price": 52314.44, "direction": "buy", "amount": 0.1}, {"trade_seq": 9265, "trade_id": "138905939", "timestamp": 1616697930601, "tick_direction": 0, "price": 0.016, "mark_price": 0.01567165, "iv": 71.22, "instrument_name": "BTC-26MAR21-52000-C", "index_price": 52417.83, "direction": "buy", "amount": 0.5}, {"trade_seq": 9264, "trade_id": "138905303", "timestamp": 1616697845502, "tick_direction": 1, "price": 0.015, "mark_price": 0.01533968, "iv": 66.2, "instrument_name": "BTC-26MAR21-52000-C", "index_price": 52381.99, "direction": "buy", "amount": 0.3}, {"trade_seq": 9263, "trade_id": "138905302", "timestamp": 1616697845007, "tick_direction": 1, "price": 0.015, "mark_price": 0.01527371, "iv": 66.15, "instrument_name": "BTC-26MAR21-52000-C", "index_price": 52387.91, "direction": "buy", "amount": 0.5}, {"trade_seq": 9262, "trade_id": "138905301", "timestamp": 1616697844970, "tick_direction": 1, "price": 0.015, "mark_price": 0.01527371, "iv": 66.15, "instrument_name": "BTC-26MAR21-52000-C", "index_price": 52387.91, "direction": "buy", "amount": 0.2}, {"trade_seq": 9261, "trade_id": "138905300", "timestamp": 1616697844970, "tick_direction": 0, "price": 0.015, "mark_price": 0.01527371, "iv": 66.15, "instrument_name": "BTC-26MAR21-52000-C", "index_price": 52387.91, "direction": "buy", "amount": 1.0}, {"trade_seq": 9260, "trade_id": "138904632", "timestamp": 1616697673745, "tick_direction": 0, "price": 0.0135, "mark_price": 0.01384848, "iv": 66.78, "instrument_name": "BTC-26MAR21-52000-C", "index_price": 52260.22, "direction": "sell", "amount": 0.3}, {"trade_seq": 9259, "trade_id": "138903472", "timestamp": 1616697578757, "tick_direction": 1, "price": 0.0125, "mark_price": 0.01298697, "iv": 65.41, "instrument_name": "BTC-26MAR21-52000-C", "index_price": 52186.59, "direction": "buy", "amount": 0.3}, {"trade_seq": 9258, "trade_id": "138903471", "timestamp": 1616697578592, "tick_direction": 1, "price": 0.0125, "mark_price": 0.01284467, "iv": 65.41, "instrument_name": "BTC-26MAR21-52000-C", "index_price": 52186.59, "direction": "buy", "amount": 0.1}, {"trade_seq": 9257, "trade_id": "138903456", "timestamp": 1616697578174, "tick_direction": 1, "price": 0.0125, "mark_price": 0.01284467, "iv": 66.35, "instrument_name": "BTC-26MAR21-52000-C", "index_price": 52175.81, "direction": "buy", "amount": 0.3}, {"trade_seq": 9256, "trade_id": "138903455", "timestamp": 1616697578099, "tick_direction": 0, "price": 0.0125, "mark_price": 0.01284467, "iv": 66.35, "instrument_name": "BTC-26MAR21-52000-C", "index_price": 52175.81, "direction": "buy", "amount": 0.3}, {"trade_seq": 9255, "trade_id": "138902946", "timestamp": 1616697518114, "tick_direction": 1, "price": 0.0115, "mark_price": 0.01153884, "iv": 68.56, "instrument_name": "BTC-26MAR21-52000-C", "index_price": 52054.5, "direction": "buy", "amount": 0.3}, {"trade_seq": 9254, "trade_id": "138902944", "timestamp": 1616697517860, "tick_direction": 0, "price": 0.0115, "mark_price": 0.01153884, "iv": 68.56, "instrument_name": "BTC-26MAR21-52000-C", "index_price": 52035.49, "direction": "buy", "amount": 0.1}, {"trade_seq": 9253, "trade_id": "138902743", "timestamp": 1616697487269, "tick_direction": 3, "price": 0.0105, "mark_price": 0.01099575, "iv": 65.69, "instrument_name": "BTC-26MAR21-52000-C", "index_price": 51973.27, "direction": "buy", "amount": 0.1}, {"trade_seq": 9252, "trade_id": "138902742", "timestamp": 1616697487220, "tick_direction": 3, "price": 0.0105, "mark_price": 0.01099575, "iv": 65.69, "instrument_name": "BTC-26MAR21-52000-C", "index_price": 51973.27, "direction": "buy", "amount": 0.3}, {"trade_seq": 9251, "trade_id": "138902735", "timestamp": 1616697487055, "tick_direction": 3, "price": 0.0105, "mark_price": 0.01099575, "iv": 65.69, "instrument_name": "BTC-26MAR21-52000-C", "index_price": 51973.27, "direction": "buy", "amount": 0.3}, {"trade_seq": 9250, "trade_id": "138902734", "timestamp": 1616697486983, "tick_direction": 2, "price": 0.0105, "mark_price": 0.01099575, "iv": 65.69, "instrument_name": "BTC-26MAR21-52000-C", "index_price": 51973.27, "direction": "buy", "amount": 0.3}, {"trade_seq": 9249, "trade_id": "138902296", "timestamp": 1616697387190, "tick_direction": 3, "price": 0.011, "mark_price": 0.01102827, "iv": 69.16, "instrument_name": "BTC-26MAR21-52000-C", "index_price": 51966.96, "direction": "sell", "amount": 0.3}, {"trade_seq": 9248, "trade_id": "138902140", "timestamp": 1616697347724, "tick_direction": 3, "price": 0.011, "mark_price": 0.01115021, "iv": 67.94, "instrument_name": "BTC-26MAR21-52000-C", "index_price": 51996.99, "direction": "buy", "amount": 0.2}, {"trade_seq": 9247, "trade_id": "138902137", "timestamp": 1616697347391, "tick_direction": 3, "price": 0.011, "mark_price": 0.01115021, "iv": 67.94, "instrument_name": "BTC-26MAR21-52000-C", "index_price": 51996.99, "direction": "buy", "amount": 0.2}, {"trade_seq": 9246, "trade_id": "138902136", "timestamp": 1616697347383, "tick_direction": 3, "price": 0.011, "mark_price": 0.01111526, "iv": 67.94, "instrument_name": "BTC-26MAR21-52000-C", "index_price": 51996.99, "direction": "buy", "amount": 0.1}, {"trade_seq": 9245, "trade_id": "138902134", "timestamp": 1616697347379, "tick_direction": 3, "price": 0.011, "mark_price": 0.01111526, "iv": 67.94, "instrument_name": "BTC-26MAR21-52000-C", "index_price": 51996.99, "direction": "buy", "amount": 0.3}, {"trade_seq": 9244, "trade_id": "138902126", "timestamp": 1616697347229, "tick_direction": 3, "price": 0.011, "mark_price": 0.01111526, "iv": 67.94, "instrument_name": "BTC-26MAR21-52000-C", "index_price": 51996.99, "direction": "buy", "amount": 0.1}, {"trade_seq": 9243, "trade_id": "138902125", "timestamp": 1616697347158, "tick_direction": 2, "price": 0.011, "mark_price": 0.01111526, "iv": 67.94, "instrument_name": "BTC-26MAR21-52000-C", "index_price": 51996.99, "direction": "buy", "amount": 0.1}, {"trade_seq": 9242, "trade_id": "138901241", "timestamp": 1616697218791, "tick_direction": 1, "price": 0.012, "mark_price": 0.01201043, "iv": 68.91, "instrument_name": "BTC-26MAR21-52000-C", "index_price": 52086.81, "direction": "buy", "amount": 0.1}, {"trade_seq": 9241, "trade_id": "138901101", "timestamp": 1616697216649, "tick_direction": 1, "price": 0.012, "mark_price": 0.01174076, "iv": 70.66, "instrument_name": "BTC-26MAR21-52000-C", "index_price": 52046.59, "direction": "buy", "amount": 0.2}, {"trade_seq": 9240, "trade_id": "138901100", "timestamp": 1616697216640, "tick_direction": 1, "price": 0.012, "mark_price": 0.01174076, "iv": 70.66, "instrument_name": "BTC-26MAR21-52000-C", "index_price": 52046.59, "direction": "buy", "amount": 0.2}, {"trade_seq": 9239, "trade_id": "138901098", "timestamp": 1616697216630, "tick_direction": 0, "price": 0.012, "mark_price": 0.01174076, "iv": 70.66, "instrument_name": "BTC-26MAR21-52000-C", "index_price": 52046.59, "direction": "buy", "amount": 0.5}, {"trade_seq": 9238, "trade_id": "138900918", "timestamp": 1616697212824, "tick_direction": 1, "price": 0.011, "mark_price": 0.01122145, "iv": 67.58, "instrument_name": "BTC-26MAR21-52000-C", "index_price": 51988.99, "direction": "buy", "amount": 3.4}, {"trade_seq": 9237, "trade_id": "138900761", "timestamp": 1616697201923, "tick_direction": 1, "price": 0.011, "mark_price": 0.01135612, "iv": 66.8, "instrument_name": "BTC-26MAR21-52000-C", "index_price": 51998.77, "direction": "buy", "amount": 0.1}, {"trade_seq": 9236, "trade_id": "138900760", "timestamp": 1616697201817, "tick_direction": 1, "price": 0.011, "mark_price": 0.01135612, "iv": 66.8, "instrument_name": "BTC-26MAR21-52000-C", "index_price": 51998.77, "direction": "buy", "amount": 0.2}, {"trade_seq": 9235, "trade_id": "138900713", "timestamp": 1616697194467, "tick_direction": 1, "price": 0.011, "mark_price": 0.01125716, "iv": 67.46, "instrument_name": "BTC-26MAR21-52000-C", "index_price": 51984.51, "direction": "buy", "amount": 0.2}, {"trade_seq": 9234, "trade_id": "138900712", "timestamp": 1616697194434, "tick_direction": 1, "price": 0.011, "mark_price": 0.01125716, "iv": 67.46, "instrument_name": "BTC-26MAR21-52000-C", "index_price": 51984.51, "direction": "buy", "amount": 0.2}, {"trade_seq": 9233, "trade_id": "138900709", "timestamp": 1616697194358, "tick_direction": 1, "price": 0.011, "mark_price": 0.01125716, "iv": 67.46, "instrument_name": "BTC-26MAR21-52000-C", "index_price": 51984.51, "direction": "buy", "amount": 0.3}, {"trade_seq": 9232, "trade_id": "138900704", "timestamp": 1616697194316, "tick_direction": 1, "price": 0.011, "mark_price": 0.01125716, "iv": 67.46, "instrument_name": "BTC-26MAR21-52000-C", "index_price": 51984.51, "direction": "buy", "amount": 0.2}, {"trade_seq": 9231, "trade_id": "138900663", "timestamp": 1616697192024, "tick_direction": 1, "price": 0.011, "mark_price": 0.01120569, "iv": 67.85, "instrument_name": "BTC-26MAR21-52000-C", "index_price": 51981.92, "direction": "buy", "amount": 0.2}, {"trade_seq": 9230, "trade_id": "138900662", "timestamp": 1616697191774, "tick_direction": 0, "price": 0.011, "mark_price": 0.01120569, "iv": 67.85, "instrument_name": "BTC-26MAR21-52000-C", "index_price": 51981.92, "direction": "buy", "amount": 0.2}, {"trade_seq": 9229, "trade_id": "138900110", "timestamp": 1616697081835, "tick_direction": 0, "price": 0.0105, "mark_price": 0.01091535, "iv": 66.92, "instrument_name": "BTC-26MAR21-52000-C", "index_price": 51928.85, "direction": "buy", "amount": 5.0}, {"trade_seq": 9228, "trade_id": "138899709", "timestamp": 1616697049336, "tick_direction": 3, "price": 0.0095, "mark_price": 0.00979797, "iv": 67.73, "instrument_name": "BTC-26MAR21-52000-C", "index_price": 51807.0, "direction": "buy", "amount": 3.7}, {"trade_seq": 9227, "trade_id": "138899700", "timestamp": 1616697049231, "tick_direction": 3, "price": 0.0095, "mark_price": 0.00979797, "iv": 67.73, "instrument_name": "BTC-26MAR21-52000-C", "index_price": 51807.0, "direction": "buy", "amount": 0.1}, {"trade_seq": 9226, "trade_id": "138899698", "timestamp": 1616697049227, "tick_direction": 3, "price": 0.0095, "mark_price": 0.00979797, "iv": 67.73, "instrument_name": "BTC-26MAR21-52000-C", "index_price": 51807.0, "direction": "buy", "amount": 0.4}, {"trade_seq": 9225, "trade_id": "138899685", "timestamp": 1616697045559, "tick_direction": 3, "price": 0.0095, "mark_price": 0.00967336, "iv": 68.55, "instrument_name": "BTC-26MAR21-52000-C", "index_price": 51793.5, "direction": "buy", "amount": 0.5}, {"trade_seq": 9224, "trade_id": "138899389", "timestamp": 1616696942887, "tick_direction": 2, "price": 0.0095, "mark_price": 0.00922545, "iv": 71.91, "instrument_name": "BTC-26MAR21-52000-C", "index_price": 51746.71, "direction": "buy", "amount": 0.3}, {"trade_seq": 9223, "trade_id": "138887075", "timestamp": 1616694059418, "tick_direction": 0, "price": 0.01, "mark_price": 0.01046177, "iv": 69.34, "instrument_name": "BTC-26MAR21-52000-C", "index_price": 51764.66, "direction": "buy", "amount": 5.0}, {"trade_seq": 9222, "trade_id": "138882416", "timestamp": 1616693454673, "tick_direction": 0, "price": 0.009, "mark_price": 0.00937289, "iv": 69.95, "instrument_name": "BTC-26MAR21-52000-C", "index_price": 51632.01, "direction": "sell", "amount": 0.9}, {"trade_seq": 9221, "trade_id": "138878850", "timestamp": 1616692897838, "tick_direction": 2, "price": 0.0085, "mark_price": 0.00855373, "iv": 72.71, "instrument_name": "BTC-26MAR21-52000-C", "index_price": 51513.6, "direction": "sell", "amount": 1.6}, {"trade_seq": 9220, "trade_id": "138873842", "timestamp": 1616692277681, "tick_direction": 1, "price": 0.009, "mark_price": 0.00909404, "iv": 71.51, "instrument_name": "BTC-26MAR21-52000-C", "index_price": 51618.31, "direction": "buy", "amount": 0.5}, {"trade_seq": 9219, "trade_id": "138873790", "timestamp": 1616692271747, "tick_direction": 0, "price": 0.009, "mark_price": 0.00902052, "iv": 72.19, "instrument_name": "BTC-26MAR21-52000-C", "index_price": 51603.71, "direction": "buy", "amount": 0.5}, {"trade_seq": 9218, "trade_id": "138873479", "timestamp": 1616692229973, "tick_direction": 1, "price": 0.0085, "mark_price": 0.00872505, "iv": 70.41, "instrument_name": "BTC-26MAR21-52000-C", "index_price": 51564.67, "direction": "buy", "amount": 0.1}, {"trade_seq": 9217, "trade_id": "138873478", "timestamp": 1616692229873, "tick_direction": 1, "price": 0.0085, "mark_price": 0.00872505, "iv": 71.09, "instrument_name": "BTC-26MAR21-52000-C", "index_price": 51552.46, "direction": "buy", "amount": 0.2}, {"trade_seq": 9216, "trade_id": "138872593", "timestamp": 1616692109736, "tick_direction": 1, "price": 0.0085, "mark_price": 0.0084847, "iv": 73.11, "instrument_name": "BTC-26MAR21-52000-C", "index_price": 51522.07, "direction": "buy", "amount": 0.1}, {"trade_seq": 9215, "trade_id": "138872592", "timestamp": 1616692109731, "tick_direction": 0, "price": 0.0085, "mark_price": 0.0084847, "iv": 73.11, "instrument_name": "BTC-26MAR21-52000-C", "index_price": 51522.07, "direction": "buy", "amount": 0.6}, {"trade_seq": 9214, "trade_id": "138868993", "timestamp": 1616691724348, "tick_direction": 3, "price": 0.0065, "mark_price": 0.00668154, "iv": 71.84, "instrument_name": "BTC-26MAR21-52000-C", "index_price": 51231.61, "direction": "sell", "amount": 0.3}, {"trade_seq": 9213, "trade_id": "138868969", "timestamp": 1616691723755, "tick_direction": 3, "price": 0.0065, "mark_price": 0.00668154, "iv": 71.84, "instrument_name": "BTC-26MAR21-52000-C", "index_price": 51231.61, "direction": "sell", "amount": 0.1}, {"trade_seq": 9212, "trade_id": "138868968", "timestamp": 1616691723753, "tick_direction": 3, "price": 0.0065, "mark_price": 0.00668154, "iv": 71.84, "instrument_name": "BTC-26MAR21-52000-C", "index_price": 51231.61, "direction": "sell", "amount": 0.2}, {"trade_seq": 9211, "trade_id": "138868967", "timestamp": 1616691723662, "tick_direction": 3, "price": 0.0065, "mark_price": 0.00668154, "iv": 71.84, "instrument_name": "BTC-26MAR21-52000-C", "index_price": 51231.61, "direction": "sell", "amount": 0.9}, {"trade_seq": 9210, "trade_id": "138868949", "timestamp": 1616691722622, "tick_direction": 2, "price": 0.0065, "mark_price": 0.00672141, "iv": 71.58, "instrument_name": "BTC-26MAR21-52000-C", "index_price": 51244.33, "direction": "sell", "amount": 0.5}, {"trade_seq": 9209, "trade_id": "138866255", "timestamp": 1616691409558, "tick_direction": 0, "price": 0.007, "mark_price": 0.00698278, "iv": 73.57, "instrument_name": "BTC-26MAR21-52000-C", "index_price": 51274.87, "direction": "sell", "amount": 1.0}, {"trade_seq": 9208, "trade_id": "138863617", "timestamp": 1616691138333, "tick_direction": 0, "price": 0.0065, "mark_price": 0.00600922, "iv": 77.48, "instrument_name": "BTC-26MAR21-52000-C", "index_price": 51108.44, "direction": "sell", "amount": 1.0}, {"trade_seq": 9207, "trade_id": "138852541", "timestamp": 1616690239445, "tick_direction": 3, "price": 0.005, "mark_price": 0.00490251, "iv": 75.88, "instrument_name": "BTC-26MAR21-52000-C", "index_price": 50895.56, "direction": "sell", "amount": 0.1}, {"trade_seq": 9206, "trade_id": "138848024", "timestamp": 1616689876690, "tick_direction": 2, "price": 0.005, "mark_price": 0.00476502, "iv": 75.36, "instrument_name": "BTC-26MAR21-52000-C", "index_price": 50877.88, "direction": "buy", "amount": 0.1}, {"trade_seq": 9205, "trade_id": "138845893", "timestamp": 1616689734858, "tick_direction": 3, "price": 0.0055, "mark_price": 0.00518167, "iv": 75.43, "instrument_name": "BTC-26MAR21-52000-C", "index_price": 50960.48, "direction": "sell", "amount": 0.1}, {"trade_seq": 9204, "trade_id": "138845885", "timestamp": 1616689734602, "tick_direction": 3, "price": 0.0055, "mark_price": 0.00518167, "iv": 75.43, "instrument_name": "BTC-26MAR21-52000-C", "index_price": 50960.48, "direction": "sell", "amount": 0.3}, {"trade_seq": 9203, "trade_id": "138845877", "timestamp": 1616689734166, "tick_direction": 3, "price": 0.0055, "mark_price": 0.00518167, "iv": 75.43, "instrument_name": "BTC-26MAR21-52000-C", "index_price": 50960.48, "direction": "sell", "amount": 0.1}, {"trade_seq": 9202, "trade_id": "138845717", "timestamp": 1616689728087, "tick_direction": 3, "price": 0.0055, "mark_price": 0.00516602, "iv": 75.51, "instrument_name": "BTC-26MAR21-52000-C", "index_price": 50970.66, "direction": "sell", "amount": 0.3}, {"trade_seq": 9201, "trade_id": "138845711", "timestamp": 1616689727863, "tick_direction": 2, "price": 0.0055, "mark_price": 0.00525745, "iv": 74.85, "instrument_name": "BTC-26MAR21-52000-C", "index_price": 50973.94, "direction": "sell", "amount": 0.2}, {"trade_seq": 9200, "trade_id": "138845137", "timestamp": 1616689695946, "tick_direction": 3, "price": 0.006, "mark_price": 0.00585589, "iv": 74.03, "instrument_name": "BTC-26MAR21-52000-C", "index_price": 51093.85, "direction": "sell", "amount": 0.1}, {"trade_seq": 9199, "trade_id": "138845135", "timestamp": 1616689695843, "tick_direction": 3, "price": 0.006, "mark_price": 0.00585589, "iv": 74.03, "instrument_name": "BTC-26MAR21-52000-C", "index_price": 51093.85, "direction": "sell", "amount": 0.2}, {"trade_seq": 9198, "trade_id": "138845134", "timestamp": 1616689695835, "tick_direction": 2, "price": 0.006, "mark_price": 0.00585589, "iv": 74.03, "instrument_name": "BTC-26MAR21-52000-C", "index_price": 51093.85, "direction": "sell", "amount": 0.7}, {"trade_seq": 9197, "trade_id": "138841054", "timestamp": 1616689286188, "tick_direction": 1, "price": 0.009, "mark_price": 0.00916248, "iv": 71.51, "instrument_name": "BTC-26MAR21-52000-C", "index_price": 51567.83, "direction": "sell", "amount": 0.4}, {"trade_seq": 9196, "trade_id": "138841047", "timestamp": 1616689285942, "tick_direction": 1, "price": 0.009, "mark_price": 0.00916248, "iv": 71.51, "instrument_name": "BTC-26MAR21-52000-C", "index_price": 51567.83, "direction": "sell", "amount": 0.1}, {"trade_seq": 9195, "trade_id": "138841046", "timestamp": 1616689285916, "tick_direction": 1, "price": 0.009, "mark_price": 0.00916248, "iv": 71.51, "instrument_name": "BTC-26MAR21-52000-C", "index_price": 51567.83, "direction": "sell", "amount": 0.3}, {"trade_seq": 9194, "trade_id": "138841008", "timestamp": 1616689279064, "tick_direction": 1, "price": 0.009, "mark_price": 0.00950133, "iv": 70.18, "instrument_name": "BTC-26MAR21-52000-C", "index_price": 51588.61, "direction": "sell", "amount": 0.2}, {"trade_seq": 9193, "trade_id": "138841007", "timestamp": 1616689278918, "tick_direction": 1, "price": 0.009, "mark_price": 0.00950133, "iv": 70.18, "instrument_name": "BTC-26MAR21-52000-C", "index_price": 51588.61, "direction": "sell", "amount": 0.1}, {"trade_seq": 9192, "trade_id": "138841006", "timestamp": 1616689278917, "tick_direction": 1, "price": 0.009, "mark_price": 0.00950133, "iv": 70.18, "instrument_name": "BTC-26MAR21-52000-C", "index_price": 51588.61, "direction": "sell", "amount": 0.3}, {"trade_seq": 9191, "trade_id": "138840999", "timestamp": 1616689278482, "tick_direction": 1, "price": 0.009, "mark_price": 0.00961891, "iv": 69.37, "instrument_name": "BTC-26MAR21-52000-C", "index_price": 51599.75, "direction": "sell", "amount": 0.2}, {"trade_seq": 9190, "trade_id": "138840976", "timestamp": 1616689277494, "tick_direction": 0, "price": 0.009, "mark_price": 0.00971208, "iv": 68.67, "instrument_name": "BTC-26MAR21-52000-C", "index_price": 51615.0, "direction": "sell", "amount": 0.4}, {"trade_seq": 9189, "trade_id": "138840265", "timestamp": 1616689201129, "tick_direction": 2, "price": 0.008, "mark_price": 0.00883818, "iv": 67.4, "instrument_name": "BTC-26MAR21-52000-C", "index_price": 51516.66, "direction": "sell", "amount": 0.2}, {"trade_seq": 9188, "trade_id": "138839097", "timestamp": 1616689076206, "tick_direction": 0, "price": 0.01, "mark_price": 0.01004059, "iv": 71.83, "instrument_name": "BTC-26MAR21-52000-C", "index_price": 51649.57, "direction": "buy", "amount": 5.0}, {"trade_seq": 9187, "trade_id": "138838952", "timestamp": 1616689070965, "tick_direction": 1, "price": 0.0095, "mark_price": 0.0095809, "iv": 71.6, "instrument_name": "BTC-26MAR21-52000-C", "index_price": 51585.92, "direction": "buy", "amount": 0.3}, {"trade_seq": 9186, "trade_id": "138838944", "timestamp": 1616689070819, "tick_direction": 1, "price": 0.0095, "mark_price": 0.0095809, "iv": 71.6, "instrument_name": "BTC-26MAR21-52000-C", "index_price": 51585.92, "direction": "buy", "amount": 0.4}, {"trade_seq": 9185, "trade_id": "138838864", "timestamp": 1616689063608, "tick_direction": 0, "price": 0.0095, "mark_price": 0.00940921, "iv": 72.13, "instrument_name": "BTC-26MAR21-52000-C", "index_price": 51567.14, "direction": "buy", "amount": 0.3}, {"trade_seq": 9184, "trade_id": "138838057", "timestamp": 1616688974978, "tick_direction": 1, "price": 0.0085, "mark_price": 0.00856961, "iv": 71.5, "instrument_name": "BTC-26MAR21-52000-C", "index_price": 51453.5, "direction": "buy", "amount": 0.1}, {"trade_seq": 9183, "trade_id": "138838024", "timestamp": 1616688973192, "tick_direction": 1, "price": 0.0085, "mark_price": 0.00853807, "iv": 71.86, "instrument_name": "BTC-26MAR21-52000-C", "index_price": 51446.7, "direction": "buy", "amount": 0.3}, {"trade_seq": 9182, "trade_id": "138837946", "timestamp": 1616688966454, "tick_direction": 0, "price": 0.0085, "mark_price": 0.00807443, "iv": 74.1, "instrument_name": "BTC-26MAR21-52000-C", "index_price": 51399.67, "direction": "buy", "amount": 0.4}, {"trade_seq": 9181, "trade_id": "138837205", "timestamp": 1616688892718, "tick_direction": 1, "price": 0.0075, "mark_price": 0.00733768, "iv": 72.68, "instrument_name": "BTC-26MAR21-52000-C", "index_price": 51288.57, "direction": "buy", "amount": 0.3}, {"trade_seq": 9180, "trade_id": "138837157", "timestamp": 1616688888958, "tick_direction": 1, "price": 0.0075, "mark_price": 0.00722281, "iv": 73.77, "instrument_name": "BTC-26MAR21-52000-C", "index_price": 51267.92, "direction": "buy", "amount": 0.3}, {"trade_seq": 9179, "trade_id": "138837123", "timestamp": 1616688885194, "tick_direction": 0, "price": 0.0075, "mark_price": 0.00702121, "iv": 75.07, "instrument_name": "BTC-26MAR21-52000-C", "index_price": 51247.54, "direction": "buy", "amount": 0.4}, {"trade_seq": 9178, "trade_id": "138831408", "timestamp": 1616688410469, "tick_direction": 3, "price": 0.004, "mark_price": 0.00383971, "iv": 72.25, "instrument_name": "BTC-26MAR21-52000-C", "index_price": 50682.02, "direction": "sell", "amount": 1.0}, {"trade_seq": 9177, "trade_id": "138831312", "timestamp": 1616688402857, "tick_direction": 3, "price": 0.004, "mark_price": 0.00376881, "iv": 72.88, "instrument_name": "BTC-26MAR21-52000-C", "index_price": 50660.12, "direction": "sell", "amount": 0.2}, {"trade_seq": 9176, "trade_id": "138831311", "timestamp": 1616688402826, "tick_direction": 3, "price": 0.004, "mark_price": 0.00376881, "iv": 72.88, "instrument_name": "BTC-26MAR21-52000-C", "index_price": 50660.12, "direction": "sell", "amount": 0.2}, {"trade_seq": 9175, "trade_id": "138831301", "timestamp": 1616688402604, "tick_direction": 3, "price": 0.004, "mark_price": 0.00376881, "iv": 72.88, "instrument_name": "BTC-26MAR21-52000-C", "index_price": 50660.12, "direction": "sell", "amount": 0.2}, {"trade_seq": 9174, "trade_id": "138831294", "timestamp": 1616688402330, "tick_direction": 3, "price": 0.004, "mark_price": 0.00376881, "iv": 72.88, "instrument_name": "BTC-26MAR21-52000-C", "index_price": 50660.12, "direction": "sell", "amount": 0.3}, {"trade_seq": 9173, "trade_id": "138831293", "timestamp": 1616688402183, "tick_direction": 3, "price": 0.004, "mark_price": 0.00376881, "iv": 72.8, "instrument_name": "BTC-26MAR21-52000-C", "index_price": 50661.81, "direction": "sell", "amount": 0.1}, {"trade_seq": 9172, "trade_id": "138831292", "timestamp": 1616688402183, "tick_direction": 3, "price": 0.004, "mark_price": 0.00376881, "iv": 72.8, "instrument_name": "BTC-26MAR21-52000-C", "index_price": 50661.81, "direction": "sell", "amount": 0.2}, {"trade_seq": 9171, "trade_id": "138831280", "timestamp": 1616688401429, "tick_direction": 3, "price": 0.004, "mark_price": 0.00377808, "iv": 72.8, "instrument_name": "BTC-26MAR21-52000-C", "index_price": 50661.81, "direction": "sell", "amount": 0.1}, {"trade_seq": 9170, "trade_id": "138831279", "timestamp": 1616688401385, "tick_direction": 3, "price": 0.004, "mark_price": 0.00377808, "iv": 72.8, "instrument_name": "BTC-26MAR21-52000-C", "index_price": 50661.81, "direction": "sell", "amount": 0.1}, {"trade_seq": 9169, "trade_id": "138831277", "timestamp": 1616688401125, "tick_direction": 3, "price": 0.004, "mark_price": 0.00377808, "iv": 72.71, "instrument_name": "BTC-26MAR21-52000-C", "index_price": 50665.17, "direction": "sell", "amount": 0.1}, {"trade_seq": 9168, "trade_id": "138831274", "timestamp": 1616688400908, "tick_direction": 3, "price": 0.004, "mark_price": 0.00383736, "iv": 72.71, "instrument_name": "BTC-26MAR21-52000-C", "index_price": 50665.17, "direction": "sell", "amount": 0.4}, {"trade_seq": 9167, "trade_id": "138831258", "timestamp": 1616688400669, "tick_direction": 3, "price": 0.004, "mark_price": 0.00383736, "iv": 72.71, "instrument_name": "BTC-26MAR21-52000-C", "index_price": 50665.17, "direction": "sell", "amount": 0.1}, {"trade_seq": 9166, "trade_id": "138831253", "timestamp": 1616688399867, "tick_direction": 2, "price": 0.004, "mark_price": 0.00382545, "iv": 72.24, "instrument_name": "BTC-26MAR21-52000-C", "index_price": 50667.91, "direction": "sell", "amount": 0.4}, {"trade_seq": 9165, "trade_id": "138827824", "timestamp": 1616688070255, "tick_direction": 2, "price": 0.005, "mark_price": 0.00504696, "iv": 69.74, "instrument_name": "BTC-26MAR21-52000-C", "index_price": 50980.27, "direction": "buy", "amount": 10.8}, {"trade_seq": 9164, "trade_id": "138825469", "timestamp": 1616687859875, "tick_direction": 0, "price": 0.0055, "mark_price": 0.00539102, "iv": 70.82, "instrument_name": "BTC-26MAR21-52000-C", "index_price": 51037.47, "direction": "buy", "amount": 0.3}, {"trade_seq": 9163, "trade_id": "138825119", "timestamp": 1616687832925, "tick_direction": 2, "price": 0.0045, "mark_price": 0.00520665, "iv": 65.33, "instrument_name": "BTC-26MAR21-52000-C", "index_price": 50977.97, "direction": "sell", "amount": 0.1}, {"trade_seq": 9162, "trade_id": "138821502", "timestamp": 1616687519067, "tick_direction": 3, "price": 0.0055, "mark_price": 0.00542893, "iv": 71.84, "instrument_name": "BTC-26MAR21-52000-C", "index_price": 50988.83, "direction": "sell", "amount": 11.1}, {"trade_seq": 9161, "trade_id": "138821498", "timestamp": 1616687518896, "tick_direction": 3, "price": 0.0055, "mark_price": 0.0056647, "iv": 71.84, "instrument_name": "BTC-26MAR21-52000-C", "index_price": 51015.74, "direction": "sell", "amount": 0.5}, {"trade_seq": 9160, "trade_id": "138821490", "timestamp": 1616687518532, "tick_direction": 3, "price": 0.0055, "mark_price": 0.0056647, "iv": 71.84, "instrument_name": "BTC-26MAR21-52000-C", "index_price": 51015.74, "direction": "sell", "amount": 0.1}, {"trade_seq": 9159, "trade_id": "138821447", "timestamp": 1616687517243, "tick_direction": 3, "price": 0.0055, "mark_price": 0.00573068, "iv": 70.23, "instrument_name": "BTC-26MAR21-52000-C", "index_price": 51044.35, "direction": "sell", "amount": 0.9}, {"trade_seq": 9158, "trade_id": "138821420", "timestamp": 1616687516837, "tick_direction": 3, "price": 0.0055, "mark_price": 0.00573015, "iv": 69.79, "instrument_name": "BTC-26MAR21-52000-C", "index_price": 51055.3, "direction": "sell", "amount": 0.8}, {"trade_seq": 9157, "trade_id": "138821345", "timestamp": 1616687515732, "tick_direction": 3, "price": 0.0055, "mark_price": 0.00577973, "iv": 69.79, "instrument_name": "BTC-26MAR21-52000-C", "index_price": 51067.57, "direction": "sell", "amount": 0.3}, {"trade_seq": 9156, "trade_id": "138821327", "timestamp": 1616687515456, "tick_direction": 2, "price": 0.0055, "mark_price": 0.00577973, "iv": 69.79, "instrument_name": "BTC-26MAR21-52000-C", "index_price": 51067.57, "direction": "sell", "amount": 0.5}, {"trade_seq": 9155, "trade_id": "138820992", "timestamp": 1616687501100, "tick_direction": 3, "price": 0.006, "mark_price": 0.00617982, "iv": 70.18, "instrument_name": "BTC-26MAR21-52000-C", "index_price": 51134.5, "direction": "sell", "amount": 0.2}, {"trade_seq": 9154, "trade_id": "138820979", "timestamp": 1616687500762, "tick_direction": 3, "price": 0.006, "mark_price": 0.00645685, "iv": 70.18, "instrument_name": "BTC-26MAR21-52000-C", "index_price": 51146.45, "direction": "sell", "amount": 0.6}, {"trade_seq": 9153, "trade_id": "138820946", "timestamp": 1616687500091, "tick_direction": 3, "price": 0.006, "mark_price": 0.00645685, "iv": 68.39, "instrument_name": "BTC-26MAR21-52000-C", "index_price": 51146.45, "direction": "sell", "amount": 0.3}, {"trade_seq": 9152, "trade_id": "138820941", "timestamp": 1616687499955, "tick_direction": 3, "price": 0.006, "mark_price": 0.00645685, "iv": 68.39, "instrument_name": "BTC-26MAR21-52000-C", "index_price": 51146.45, "direction": "sell", "amount": 0.3}, {"trade_seq": 9151, "trade_id": "138820927", "timestamp": 1616687499761, "tick_direction": 2, "price": 0.006, "mark_price": 0.00655889, "iv": 67.75, "instrument_name": "BTC-26MAR21-52000-C", "index_price": 51189.89, "direction": "sell", "amount": 0.3}, {"trade_seq": 9150, "trade_id": "138817991", "timestamp": 1616687250838, "tick_direction": 3, "price": 0.0075, "mark_price": 0.00772766, "iv": 71.09, "instrument_name": "BTC-26MAR21-52000-C", "index_price": 51323.18, "direction": "buy", "amount": 15.0}, {"trade_seq": 9149, "trade_id": "138817514", "timestamp": 1616687199882, "tick_direction": 3, "price": 0.0075, "mark_price": 0.00781663, "iv": 70.68, "instrument_name": "BTC-26MAR21-52000-C", "index_price": 51334.39, "direction": "sell", "amount": 0.1}, {"trade_seq": 9148, "trade_id": "138817513", "timestamp": 1616687199395, "tick_direction": 3, "price": 0.0075, "mark_price": 0.00778292, "iv": 70.73, "instrument_name": "BTC-26MAR21-52000-C", "index_price": 51333.79, "direction": "sell", "amount": 0.9}, {"trade_seq": 9147, "trade_id": "138817386", "timestamp": 1616687172461, "tick_direction": 3, "price": 0.0075, "mark_price": 0.0078032, "iv": 70.71, "instrument_name": "BTC-26MAR21-52000-C", "index_price": 51329.29, "direction": "sell", "amount": 1.0}, {"trade_seq": 9146, "trade_id": "138816647", "timestamp": 1616687070281, "tick_direction": 2, "price": 0.0075, "mark_price": 0.00783282, "iv": 71.62, "instrument_name": "BTC-26MAR21-52000-C", "index_price": 51310.0, "direction": "sell", "amount": 12.8}, {"trade_seq": 9145, "trade_id": "138815603", "timestamp": 1616686956053, "tick_direction": 0, "price": 0.0095, "mark_price": 0.00859022, "iv": 79.08, "instrument_name": "BTC-26MAR21-52000-C", "index_price": 51414.01, "direction": "buy", "amount": 0.1}, {"trade_seq": 9144, "trade_id": "138815160", "timestamp": 1616686896728, "tick_direction": 1, "price": 0.009, "mark_price": 0.00925155, "iv": 72.41, "instrument_name": "BTC-26MAR21-52000-C", "index_price": 51486.36, "direction": "sell", "amount": 0.3}, {"trade_seq": 9143, "trade_id": "138814975", "timestamp": 1616686879321, "tick_direction": 0, "price": 0.009, "mark_price": 0.00916451, "iv": 72.27, "instrument_name": "BTC-26MAR21-52000-C", "index_price": 51484.35, "direction": "buy", "amount": 5.0}, {"trade_seq": 9142, "trade_id": "138811096", "timestamp": 1616686362802, "tick_direction": 1, "price": 0.008, "mark_price": 0.00785353, "iv": 74.38, "instrument_name": "BTC-26MAR21-52000-C", "index_price": 51298.88, "direction": "buy", "amount": 2.0}, {"trade_seq": 9141, "trade_id": "138811069", "timestamp": 1616686360260, "tick_direction": 1, "price": 0.008, "mark_price": 0.00784638, "iv": 74.63, "instrument_name": "BTC-26MAR21-52000-C", "index_price": 51289.75, "direction": "buy", "amount": 0.7}, {"trade_seq": 9140, "trade_id": "138811068", "timestamp": 1616686360260, "tick_direction": 0, "price": 0.008, "mark_price": 0.00784638, "iv": 74.63, "instrument_name": "BTC-26MAR21-52000-C", "index_price": 51289.75, "direction": "buy", "amount": 0.6}, {"trade_seq": 9139, "trade_id": "138810422", "timestamp": 1616686263223, "tick_direction": 0, "price": 0.0075, "mark_price": 0.00746718, "iv": 74.07, "instrument_name": "BTC-26MAR21-52000-C", "index_price": 51233.84, "direction": "buy", "amount": 0.8}, {"trade_seq": 9138, "trade_id": "138809430", "timestamp": 1616686101384, "tick_direction": 1, "price": 0.0065, "mark_price": 0.00645963, "iv": 74.1, "instrument_name": "BTC-26MAR21-52000-C", "index_price": 51058.08, "direction": "sell", "amount": 0.9}, {"trade_seq": 9137, "trade_id": "138809429", "timestamp": 1616686101343, "tick_direction": 0, "price": 0.0065, "mark_price": 0.00645963, "iv": 74.1, "instrument_name": "BTC-26MAR21-52000-C", "index_price": 51058.08, "direction": "buy", "amount": 0.5}, {"trade_seq": 9136, "trade_id": "138809151", "timestamp": 1616686063070, "tick_direction": 1, "price": 0.006, "mark_price": 0.00610125, "iv": 73.17, "instrument_name": "BTC-26MAR21-52000-C", "index_price": 50986.73, "direction": "buy", "amount": 0.4}, {"trade_seq": 9135, "trade_id": "138809150", "timestamp": 1616686063070, "tick_direction": 1, "price": 0.006, "mark_price": 0.00610125, "iv": 73.17, "instrument_name": "BTC-26MAR21-52000-C", "index_price": 50986.73, "direction": "buy", "amount": 0.1}, {"trade_seq": 9134, "trade_id": "138806701", "timestamp": 1616685805407, "tick_direction": 0, "price": 0.006, "mark_price": 0.00602038, "iv": 73.14, "instrument_name": "BTC-26MAR21-52000-C", "index_price": 50981.91, "direction": "buy", "amount": 0.1}, {"trade_seq": 9133, "trade_id": "138805923", "timestamp": 1616685732065, "tick_direction": 2, "price": 0.005, "mark_price": 0.00485571, "iv": 74.75, "instrument_name": "BTC-26MAR21-52000-C", "index_price": 50769.0, "direction": "buy", "amount": 0.1}, {"trade_seq": 9132, "trade_id": "138804231", "timestamp": 1616685508806, "tick_direction": 1, "price": 0.0055, "mark_price": 0.00509358, "iv": 75.73, "instrument_name": "BTC-26MAR21-52000-C", "index_price": 50833.78, "direction": "buy", "amount": 0.1}, {"trade_seq": 9131, "trade_id": "138804230", "timestamp": 1616685508806, "tick_direction": 1, "price": 0.0055, "mark_price": 0.00509358, "iv": 75.73, "instrument_name": "BTC-26MAR21-52000-C", "index_price": 50833.78, "direction": "buy", "amount": 0.1}, {"trade_seq": 9130, "trade_id": "138803102", "timestamp": 1616685357569, "tick_direction": 0, "price": 0.0055, "mark_price": 0.00564884, "iv": 71.99, "instrument_name": "BTC-26MAR21-52000-C", "index_price": 50940.12, "direction": "sell", "amount": 0.8}, {"trade_seq": 9129, "trade_id": "138802864", "timestamp": 1616685333920, "tick_direction": 0, "price": 0.005, "mark_price": 0.00498705, "iv": 73.07, "instrument_name": "BTC-26MAR21-52000-C", "index_price": 50809.61, "direction": "sell", "amount": 0.8}, {"trade_seq": 9128, "trade_id": "138802809", "timestamp": 1616685322669, "tick_direction": 0, "price": 0.0045, "mark_price": 0.00465348, "iv": 71.47, "instrument_name": "BTC-26MAR21-52000-C", "index_price": 50763.27, "direction": "sell", "amount": 0.8}, {"trade_seq": 9127, "trade_id": "138802139", "timestamp": 1616685191540, "tick_direction": 2, "price": 0.004, "mark_price": 0.00408602, "iv": 72.0, "instrument_name": "BTC-26MAR21-52000-C", "index_price": 50657.57, "direction": "sell", "amount": 0.8}, {"trade_seq": 9126, "trade_id": "138800323", "timestamp": 1616685014565, "tick_direction": 2, "price": 0.0045, "mark_price": 0.0044413, "iv": 72.52, "instrument_name": "BTC-26MAR21-52000-C", "index_price": 50740.39, "direction": "sell", "amount": 0.2}, {"trade_seq": 9125, "trade_id": "138800246", "timestamp": 1616685011994, "tick_direction": 0, "price": 0.005, "mark_price": 0.00457502, "iv": 75.11, "instrument_name": "BTC-26MAR21-52000-C", "index_price": 50771.47, "direction": "sell", "amount": 0.1}, {"trade_seq": 9124, "trade_id": "138799652", "timestamp": 1616684947747, "tick_direction": 3, "price": 0.0045, "mark_price": 0.0045201, "iv": 72.2, "instrument_name": "BTC-26MAR21-52000-C", "index_price": 50743.8, "direction": "sell", "amount": 0.6}, {"trade_seq": 9123, "trade_id": "138799287", "timestamp": 1616684898247, "tick_direction": 2, "price": 0.0045, "mark_price": 0.00446812, "iv": 72.03, "instrument_name": "BTC-26MAR21-52000-C", "index_price": 50741.37, "direction": "sell", "amount": 0.4}, {"trade_seq": 9122, "trade_id": "138797806", "timestamp": 1616684761354, "tick_direction": 3, "price": 0.005, "mark_price": 0.00506907, "iv": 71.19, "instrument_name": "BTC-26MAR21-52000-C", "index_price": 50868.24, "direction": "sell", "amount": 0.2}, {"trade_seq": 9121, "trade_id": "138797789", "timestamp": 1616684761004, "tick_direction": 3, "price": 0.005, "mark_price": 0.00520827, "iv": 70.99, "instrument_name": "BTC-26MAR21-52000-C", "index_price": 50872.12, "direction": "sell", "amount": 0.4}, {"trade_seq": 9120, "trade_id": "138797780", "timestamp": 1616684760948, "tick_direction": 2, "price": 0.005, "mark_price": 0.00520827, "iv": 70.99, "instrument_name": "BTC-26MAR21-52000-C", "index_price": 50872.12, "direction": "sell", "amount": 0.4}, {"trade_seq": 9119, "trade_id": "138796699", "timestamp": 1616684678031, "tick_direction": 2, "price": 0.0055, "mark_price": 0.00558426, "iv": 70.69, "instrument_name": "BTC-26MAR21-52000-C", "index_price": 50976.7, "direction": "sell", "amount": 0.2}, {"trade_seq": 9118, "trade_id": "138793923", "timestamp": 1616684315366, "tick_direction": 3, "price": 0.006, "mark_price": 0.00637555, "iv": 68.85, "instrument_name": "BTC-26MAR21-52000-C", "index_price": 51097.94, "direction": "sell", "amount": 1.4}, {"trade_seq": 9117, "trade_id": "138793922", "timestamp": 1616684315366, "tick_direction": 2, "price": 0.006, "mark_price": 0.00637555, "iv": 68.85, "instrument_name": "BTC-26MAR21-52000-C", "index_price": 51097.94, "direction": "sell", "amount": 0.2}, {"trade_seq": 9116, "trade_id": "138793387", "timestamp": 1616684222931, "tick_direction": 2, "price": 0.0065, "mark_price": 0.00651089, "iv": 70.94, "instrument_name": "BTC-26MAR21-52000-C", "index_price": 51134.25, "direction": "sell", "amount": 0.2}, {"trade_seq": 9115, "trade_id": "138793230", "timestamp": 1616684212007, "tick_direction": 2, "price": 0.007, "mark_price": 0.00670039, "iv": 72.84, "instrument_name": "BTC-26MAR21-52000-C", "index_price": 51172.28, "direction": "sell", "amount": 0.2}, {"trade_seq": 9114, "trade_id": "138791271", "timestamp": 1616683973201, "tick_direction": 1, "price": 0.0075, "mark_price": 0.00765803, "iv": 70.0, "instrument_name": "BTC-26MAR21-52000-C", "index_price": 51311.4, "direction": "sell", "amount": 0.5}, {"trade_seq": 9113, "trade_id": "138786117", "timestamp": 1616683129241, "tick_direction": 0, "price": 0.0075, "mark_price": 0.00713182, "iv": 72.11, "instrument_name": "BTC-26MAR21-52000-C", "index_price": 51278.76, "direction": "buy", "amount": 0.3}, {"trade_seq": 9112, "trade_id": "138785787", "timestamp": 1616683073942, "tick_direction": 3, "price": 0.007, "mark_price": 0.00707315, "iv": 69.43, "instrument_name": "BTC-26MAR21-52000-C", "index_price": 51270.21, "direction": "sell", "amount": 0.2}, {"trade_seq": 9111, "trade_id": "138785773", "timestamp": 1616683073867, "tick_direction": 3, "price": 0.007, "mark_price": 0.00707315, "iv": 69.36, "instrument_name": "BTC-26MAR21-52000-C", "index_price": 51275.17, "direction": "sell", "amount": 0.3}, {"trade_seq": 9110, "trade_id": "138785720", "timestamp": 1616683073739, "tick_direction": 3, "price": 0.007, "mark_price": 0.00706835, "iv": 69.36, "instrument_name": "BTC-26MAR21-52000-C", "index_price": 51275.17, "direction": "sell", "amount": 0.4}, {"trade_seq": 9109, "trade_id": "138785243", "timestamp": 1616682988598, "tick_direction": 3, "price": 0.007, "mark_price": 0.00724459, "iv": 68.5, "instrument_name": "BTC-26MAR21-52000-C", "index_price": 51301.26, "direction": "sell", "amount": 0.3}, {"trade_seq": 9108, "trade_id": "138785241", "timestamp": 1616682988492, "tick_direction": 2, "price": 0.007, "mark_price": 0.00724459, "iv": 68.5, "instrument_name": "BTC-26MAR21-52000-C", "index_price": 51301.26, "direction": "sell", "amount": 0.3}, {"trade_seq": 9107, "trade_id": "138774643", "timestamp": 1616680871768, "tick_direction": 1, "price": 0.01, "mark_price": 0.01086975, "iv": 66.89, "instrument_name": "BTC-26MAR21-52000-C", "index_price": 51734.03, "direction": "buy", "amount": 0.3}, {"trade_seq": 9106, "trade_id": "138774117", "timestamp": 1616680806834, "tick_direction": 0, "price": 0.01, "mark_price": 0.0106742, "iv": 68.22, "instrument_name": "BTC-26MAR21-52000-C", "index_price": 51702.46, "direction": "buy", "amount": 0.1}, {"trade_seq": 9105, "trade_id": "138773243", "timestamp": 1616680699505, "tick_direction": 3, "price": 0.0095, "mark_price": 0.00990725, "iv": 70.66, "instrument_name": "BTC-26MAR21-52000-C", "index_price": 51597.66, "direction": "sell", "amount": 0.1}, {"trade_seq": 9104, "trade_id": "138773242", "timestamp": 1616680699505, "tick_direction": 3, "price": 0.0095, "mark_price": 0.00990725, "iv": 70.66, "instrument_name": "BTC-26MAR21-52000-C", "index_price": 51597.66, "direction": "sell", "amount": 0.1}, {"trade_seq": 9103, "trade_id": "138773207", "timestamp": 1616680699127, "tick_direction": 3, "price": 0.0095, "mark_price": 0.00991426, "iv": 70.07, "instrument_name": "BTC-26MAR21-52000-C", "index_price": 51597.66, "direction": "sell", "amount": 0.3}, {"trade_seq": 9102, "trade_id": "138773181", "timestamp": 1616680697999, "tick_direction": 3, "price": 0.0095, "mark_price": 0.0099193, "iv": 70.03, "instrument_name": "BTC-26MAR21-52000-C", "index_price": 51610.94, "direction": "sell", "amount": 0.3}, {"trade_seq": 9101, "trade_id": "138773168", "timestamp": 1616680695966, "tick_direction": 2, "price": 0.0095, "mark_price": 0.00999792, "iv": 70.03, "instrument_name": "BTC-26MAR21-52000-C", "index_price": 51612.62, "direction": "sell", "amount": 0.3}, {"trade_seq": 9100, "trade_id": "138772804", "timestamp": 1616680615228, "tick_direction": 3, "price": 0.01, "mark_price": 0.01080469, "iv": 68.22, "instrument_name": "BTC-26MAR21-52000-C", "index_price": 51701.95, "direction": "sell", "amount": 0.1}, {"trade_seq": 9099, "trade_id": "138772593", "timestamp": 1616680559031, "tick_direction": 2, "price": 0.01, "mark_price": 0.01076709, "iv": 68.75, "instrument_name": "BTC-26MAR21-52000-C", "index_price": 51697.57, "direction": "sell", "amount": 0.1}, {"trade_seq": 9098, "trade_id": "138770133", "timestamp": 1616680046661, "tick_direction": 1, "price": 0.0105, "mark_price": 0.01196277, "iv": 67.9, "instrument_name": "BTC-26MAR21-52000-C", "index_price": 51722.17, "direction": "sell", "amount": 0.3}, {"trade_seq": 9097, "trade_id": "138770131", "timestamp": 1616680046224, "tick_direction": 1, "price": 0.0105, "mark_price": 0.01197419, "iv": 67.9, "instrument_name": "BTC-26MAR21-52000-C", "index_price": 51722.17, "direction": "sell", "amount": 0.3}, {"trade_seq": 9096, "trade_id": "138770130", "timestamp": 1616680046094, "tick_direction": 1, "price": 0.0105, "mark_price": 0.01197419, "iv": 67.89, "instrument_name": "BTC-26MAR21-52000-C", "index_price": 51725.04, "direction": "sell", "amount": 0.1}, {"trade_seq": 9095, "trade_id": "138770129", "timestamp": 1616680046005, "tick_direction": 1, "price": 0.0105, "mark_price": 0.01197419, "iv": 67.89, "instrument_name": "BTC-26MAR21-52000-C", "index_price": 51725.04, "direction": "sell", "amount": 0.3}, {"trade_seq": 9094, "trade_id": "138770119", "timestamp": 1616680043362, "tick_direction": 1, "price": 0.0105, "mark_price": 0.01192341, "iv": 68.13, "instrument_name": "BTC-26MAR21-52000-C", "index_price": 51720.81, "direction": "sell", "amount": 0.4}, {"trade_seq": 9093, "trade_id": "138770118", "timestamp": 1616680043329, "tick_direction": 0, "price": 0.0105, "mark_price": 0.01192341, "iv": 68.13, "instrument_name": "BTC-26MAR21-52000-C", "index_price": 51720.81, "direction": "buy", "amount": 1.0}, {"trade_seq": 9092, "trade_id": "138769967", "timestamp": 1616680002818, "tick_direction": 3, "price": 0.01, "mark_price": 0.01196327, "iv": 65.39, "instrument_name": "BTC-26MAR21-52000-C", "index_price": 51726.58, "direction": "sell", "amount": 0.1}, {"trade_seq": 9091, "trade_id": "138769637", "timestamp": 1616679947584, "tick_direction": 3, "price": 0.01, "mark_price": 0.01161372, "iv": 67.87, "instrument_name": "BTC-26MAR21-52000-C", "index_price": 51673.96, "direction": "sell", "amount": 0.3}, {"trade_seq": 9090, "trade_id": "138769632", "timestamp": 1616679946392, "tick_direction": 3, "price": 0.01, "mark_price": 0.01159665, "iv": 67.63, "instrument_name": "BTC-26MAR21-52000-C", "index_price": 51676.77, "direction": "sell", "amount": 0.7}, {"trade_seq": 9089, "trade_id": "138769631", "timestamp": 1616679946366, "tick_direction": 3, "price": 0.01, "mark_price": 0.01159665, "iv": 67.7, "instrument_name": "BTC-26MAR21-52000-C", "index_price": 51676.77, "direction": "buy", "amount": 1.0}, {"trade_seq": 9088, "trade_id": "138769135", "timestamp": 1616679910934, "tick_direction": 2, "price": 0.01, "mark_price": 0.01222696, "iv": 64.86, "instrument_name": "BTC-26MAR21-52000-C", "index_price": 51747.1, "direction": "buy", "amount": 1.0}, {"trade_seq": 9087, "trade_id": "138768526", "timestamp": 1616679867600, "tick_direction": 1, "price": 0.0105, "mark_price": 0.01253546, "iv": 65.84, "instrument_name": "BTC-26MAR21-52000-C", "index_price": 51799.38, "direction": "sell", "amount": 12.5}, {"trade_seq": 9086, "trade_id": "138768525", "timestamp": 1616679867600, "tick_direction": 0, "price": 0.0105, "mark_price": 0.01253546, "iv": 65.84, "instrument_name": "BTC-26MAR21-52000-C", "index_price": 51799.38, "direction": "sell", "amount": 2.5}, {"trade_seq": 9085, "trade_id": "138763036", "timestamp": 1616679335066, "tick_direction": 2, "price": 0.0095, "mark_price": 0.01112853, "iv": 71.28, "instrument_name": "BTC-26MAR21-52000-C", "index_price": 51551.03, "direction": "sell", "amount": 0.1}, {"trade_seq": 9084, "trade_id": "138763000", "timestamp": 1616679329860, "tick_direction": 3, "price": 0.01, "mark_price": 0.01135749, "iv": 72.63, "instrument_name": "BTC-26MAR21-52000-C", "index_price": 51562.81, "direction": "sell", "amount": 0.1}, {"trade_seq": 9083, "trade_id": "138762911", "timestamp": 1616679324565, "tick_direction": 3, "price": 0.01, "mark_price": 0.01132833, "iv": 72.73, "instrument_name": "BTC-26MAR21-52000-C", "index_price": 51576.68, "direction": "sell", "amount": 0.1}, {"trade_seq": 9082, "trade_id": "138762862", "timestamp": 1616679319483, "tick_direction": 2, "price": 0.01, "mark_price": 0.01115466, "iv": 73.96, "instrument_name": "BTC-26MAR21-52000-C", "index_price": 51548.39, "direction": "sell", "amount": 0.1}, {"trade_seq": 9081, "trade_id": "138762588", "timestamp": 1616679308256, "tick_direction": 2, "price": 0.0105, "mark_price": 0.01127136, "iv": 76.02, "instrument_name": "BTC-26MAR21-52000-C", "index_price": 51550.57, "direction": "sell", "amount": 0.1}, {"trade_seq": 9080, "trade_id": "138762404", "timestamp": 1616679303112, "tick_direction": 0, "price": 0.011, "mark_price": 0.01175865, "iv": 76.12, "instrument_name": "BTC-26MAR21-52000-C", "index_price": 51602.65, "direction": "sell", "amount": 0.1}, {"trade_seq": 9079, "trade_id": "138760090", "timestamp": 1616679200435, "tick_direction": 2, "price": 0.009, "mark_price": 0.00974537, "iv": 77.08, "instrument_name": "BTC-26MAR21-52000-C", "index_price": 51330.98, "direction": "sell", "amount": 0.1}, {"trade_seq": 9078, "trade_id": "138759747", "timestamp": 1616679168316, "tick_direction": 0, "price": 0.0105, "mark_price": 0.01020972, "iv": 82.29, "instrument_name": "BTC-26MAR21-52000-C", "index_price": 51412.37, "direction": "buy", "amount": 0.4}, {"trade_seq": 9077, "trade_id": "138759441", "timestamp": 1616679149008, "tick_direction": 1, "price": 0.009, "mark_price": 0.00983428, "iv": 76.02, "instrument_name": "BTC-26MAR21-52000-C", "index_price": 51361.22, "direction": "buy", "amount": 1.9}, {"trade_seq": 9076, "trade_id": "138759431", "timestamp": 1616679148807, "tick_direction": 1, "price": 0.009, "mark_price": 0.00983428, "iv": 76.02, "instrument_name": "BTC-26MAR21-52000-C", "index_price": 51361.22, "direction": "buy", "amount": 2.0}, {"trade_seq": 9075, "trade_id": "138759428", "timestamp": 1616679148780, "tick_direction": 1, "price": 0.009, "mark_price": 0.00983428, "iv": 76.05, "instrument_name": "BTC-26MAR21-52000-C", "index_price": 51352.78, "direction": "buy", "amount": 0.8}, {"trade_seq": 9074, "trade_id": "138759427", "timestamp": 1616679148780, "tick_direction": 0, "price": 0.009, "mark_price": 0.00983428, "iv": 76.05, "instrument_name": "BTC-26MAR21-52000-C", "index_price": 51352.78, "direction": "buy", "amount": 1.2}, {"trade_seq": 9073, "trade_id": "138758088", "timestamp": 1616679104885, "tick_direction": 0, "price": 0.008, "mark_price": 0.00888478, "iv": 75.95, "instrument_name": "BTC-26MAR21-52000-C", "index_price": 51205.13, "direction": "buy", "amount": 5.0}, {"trade_seq": 9072, "trade_id": "138756182", "timestamp": 1616678891480, "tick_direction": 1, "price": 0.0075, "mark_price": 0.0079174, "iv": 79.67, "instrument_name": "BTC-26MAR21-52000-C", "index_price": 51010.5, "direction": "sell", "amount": 0.2}, {"trade_seq": 9071, "trade_id": "138756178", "timestamp": 1616678891331, "tick_direction": 1, "price": 0.0075, "mark_price": 0.0079174, "iv": 79.67, "instrument_name": "BTC-26MAR21-52000-C", "index_price": 51010.5, "direction": "sell", "amount": 0.4}, {"trade_seq": 9070, "trade_id": "138756176", "timestamp": 1616678891199, "tick_direction": 1, "price": 0.0075, "mark_price": 0.0079174, "iv": 79.67, "instrument_name": "BTC-26MAR21-52000-C", "index_price": 51010.5, "direction": "sell", "amount": 0.1}, {"trade_seq": 9069, "trade_id": "138756175", "timestamp": 1616678891174, "tick_direction": 0, "price": 0.0075, "mark_price": 0.0079174, "iv": 79.67, "instrument_name": "BTC-26MAR21-52000-C", "index_price": 51010.5, "direction": "sell", "amount": 0.3}, {"trade_seq": 9068, "trade_id": "138755526", "timestamp": 1616678806349, "tick_direction": 3, "price": 0.007, "mark_price": 0.00760641, "iv": 78.93, "instrument_name": "BTC-26MAR21-52000-C", "index_price": 50949.37, "direction": "sell", "amount": 0.1}, {"trade_seq": 9067, "trade_id": "138755329", "timestamp": 1616678777003, "tick_direction": 3, "price": 0.007, "mark_price": 0.00728862, "iv": 81.11, "instrument_name": "BTC-26MAR21-52000-C", "index_price": 50904.32, "direction": "sell", "amount": 0.1}, {"trade_seq": 9066, "trade_id": "138755295", "timestamp": 1616678770781, "tick_direction": 2, "price": 0.007, "mark_price": 0.00747325, "iv": 79.82, "instrument_name": "BTC-26MAR21-52000-C", "index_price": 50936.03, "direction": "sell", "amount": 0.1}, {"trade_seq": 9065, "trade_id": "138753494", "timestamp": 1616678421627, "tick_direction": 1, "price": 0.008, "mark_price": 0.00828264, "iv": 82.32, "instrument_name": "BTC-26MAR21-52000-C", "index_price": 51024.26, "direction": "sell", "amount": 0.3}, {"trade_seq": 9064, "trade_id": "138753421", "timestamp": 1616678408004, "tick_direction": 1, "price": 0.008, "mark_price": 0.00857935, "iv": 80.35, "instrument_name": "BTC-26MAR21-52000-C", "index_price": 51060.11, "direction": "sell", "amount": 0.3}, {"trade_seq": 9063, "trade_id": "138752532", "timestamp": 1616678301442, "tick_direction": 0, "price": 0.008, "mark_price": 0.00809271, "iv": 83.25, "instrument_name": "BTC-26MAR21-52000-C", "index_price": 51009.53, "direction": "buy", "amount": 4.0}, {"trade_seq": 9062, "trade_id": "138752150", "timestamp": 1616678265264, "tick_direction": 0, "price": 0.0075, "mark_price": 0.00775961, "iv": 82.27, "instrument_name": "BTC-26MAR21-52000-C", "index_price": 50950.7, "direction": "sell", "amount": 0.1}, {"trade_seq": 9061, "trade_id": "138750499", "timestamp": 1616678141277, "tick_direction": 0, "price": 0.007, "mark_price": 0.00660548, "iv": 86.1, "instrument_name": "BTC-26MAR21-52000-C", "index_price": 50743.1, "direction": "buy", "amount": 0.1}, {"trade_seq": 9060, "trade_id": "138750277", "timestamp": 1616678135584, "tick_direction": 1, "price": 0.0065, "mark_price": 0.00634349, "iv": 84.36, "instrument_name": "BTC-26MAR21-52000-C", "index_price": 50709.1, "direction": "buy", "amount": 0.1}, {"trade_seq": 9059, "trade_id": "138750094", "timestamp": 1616678124261, "tick_direction": 0, "price": 0.0065, "mark_price": 0.00544694, "iv": 90.68, "instrument_name": "BTC-26MAR21-52000-C", "index_price": 50544.35, "direction": "sell", "amount": 0.6}, {"trade_seq": 9058, "trade_id": "138749980", "timestamp": 1616678120122, "tick_direction": 2, "price": 0.0055, "mark_price": 0.0053061, "iv": 84.87, "instrument_name": "BTC-26MAR21-52000-C", "index_price": 50507.83, "direction": "buy", "amount": 0.1}, {"trade_seq": 9057, "trade_id": "138748697", "timestamp": 1616678048502, "tick_direction": 3, "price": 0.0065, "mark_price": 0.00577064, "iv": 88.23, "instrument_name": "BTC-26MAR21-52000-C", "index_price": 50620.76, "direction": "buy", "amount": 2.1}, {"trade_seq": 9056, "trade_id": "138748696", "timestamp": 1616678048502, "tick_direction": 3, "price": 0.0065, "mark_price": 0.00577064, "iv": 88.23, "instrument_name": "BTC-26MAR21-52000-C", "index_price": 50620.76, "direction": "buy", "amount": 0.1}, {"trade_seq": 9055, "trade_id": "138747631", "timestamp": 1616677917678, "tick_direction": 2, "price": 0.0065, "mark_price": 0.00639915, "iv": 84.12, "instrument_name": "BTC-26MAR21-52000-C", "index_price": 50728.99, "direction": "sell", "amount": 0.1}, {"trade_seq": 9054, "trade_id": "138744718", "timestamp": 1616677691655, "tick_direction": 2, "price": 0.0075, "mark_price": 0.00737744, "iv": 84.08, "instrument_name": "BTC-26MAR21-52000-C", "index_price": 50923.11, "direction": "sell", "amount": 0.1}, {"trade_seq": 9053, "trade_id": "138740571", "timestamp": 1616677021759, "tick_direction": 0, "price": 0.0085, "mark_price": 0.00822914, "iv": 82.56, "instrument_name": "BTC-26MAR21-52000-C", "index_price": 51101.03, "direction": "buy", "amount": 0.1}, {"trade_seq": 9052, "trade_id": "138739020", "timestamp": 1616676818467, "tick_direction": 2, "price": 0.008, "mark_price": 0.00792956, "iv": 80.75, "instrument_name": "BTC-26MAR21-52000-C", "index_price": 51071.09, "direction": "sell", "amount": 0.1}, {"trade_seq": 9051, "trade_id": "138738555", "timestamp": 1616676754388, "tick_direction": 0, "price": 0.009, "mark_price": 0.00890928, "iv": 80.73, "instrument_name": "BTC-26MAR21-52000-C", "index_price": 51225.92, "direction": "sell", "amount": 0.1}, {"trade_seq": 9050, "trade_id": "138737476", "timestamp": 1616676587194, "tick_direction": 3, "price": 0.0085, "mark_price": 0.00837032, "iv": 80.22, "instrument_name": "BTC-26MAR21-52000-C", "index_price": 51164.49, "direction": "buy", "amount": 0.9}, {"trade_seq": 9049, "trade_id": "138737111", "timestamp": 1616676537069, "tick_direction": 2, "price": 0.0085, "mark_price": 0.00832675, "iv": 80.42, "instrument_name": "BTC-26MAR21-52000-C", "index_price": 51139.18, "direction": "sell", "amount": 0.1}, {"trade_seq": 9048, "trade_id": "138736490", "timestamp": 1616676455283, "tick_direction": 1, "price": 0.009, "mark_price": 0.00841859, "iv": 82.29, "instrument_name": "BTC-26MAR21-52000-C", "index_price": 51173.35, "direction": "sell", "amount": 0.1}, {"trade_seq": 9047, "trade_id": "138736429", "timestamp": 1616676450175, "tick_direction": 0, "price": 0.009, "mark_price": 0.00854004, "iv": 81.55, "instrument_name": "BTC-26MAR21-52000-C", "index_price": 51188.72, "direction": "sell", "amount": 0.1}, {"trade_seq": 9046, "trade_id": "138735918", "timestamp": 1616676399427, "tick_direction": 0, "price": 0.0085, "mark_price": 0.00738568, "iv": 85.05, "instrument_name": "BTC-26MAR21-52000-C", "index_price": 51043.34, "direction": "sell", "amount": 0.1}, {"trade_seq": 9045, "trade_id": "138733134", "timestamp": 1616676219895, "tick_direction": 1, "price": 0.008, "mark_price": 0.00676399, "iv": 84.79, "instrument_name": "BTC-26MAR21-52000-C", "index_price": 51004.02, "direction": "buy", "amount": 0.1}, {"trade_seq": 9044, "trade_id": "138733133", "timestamp": 1616676219895, "tick_direction": 0, "price": 0.008, "mark_price": 0.00676399, "iv": 84.79, "instrument_name": "BTC-26MAR21-52000-C", "index_price": 51004.02, "direction": "buy", "amount": 0.1}, {"trade_seq": 9043, "trade_id": "138732295", "timestamp": 1616676190427, "tick_direction": 1, "price": 0.007, "mark_price": 0.00611716, "iv": 82.48, "instrument_name": "BTC-26MAR21-52000-C", "index_price": 50875.66, "direction": "sell", "amount": 0.1}, {"trade_seq": 9042, "trade_id": "138732042", "timestamp": 1616676180731, "tick_direction": 1, "price": 0.007, "mark_price": 0.0057198, "iv": 85.17, "instrument_name": "BTC-26MAR21-52000-C", "index_price": 50805.0, "direction": "sell", "amount": 0.3}