{"trades": [{"trade_seq": 67, "trade_id": "108632738", "timestamp": 1608167374509, "tick_direction": 0, "price": 0.816, "mark_price": 0.81650349, "iv": 0.0, "instrument_name": "BTC-25DEC20-4000-C", "index_price": 21654.01, "direction": "buy", "amount": 0.2}, {"trade_seq": 66, "trade_id": "108606811", "timestamp": 1608160648726, "tick_direction": 0, "price": 0.815, "mark_price": 0.81507696, "iv": 0.0, "instrument_name": "BTC-25DEC20-4000-C", "index_price": 21523.66, "direction": "buy", "amount": 0.2}, {"trade_seq": 65, "trade_id": "108353760", "timestamp": 1608113209381, "tick_direction": 0, "price": 0.797, "mark_price": 0.79733567, "iv": 0.0, "instrument_name": "BTC-25DEC20-4000-C", "index_price": 19614.58, "direction": "buy", "amount": 0.2}, {"trade_seq": 64, "trade_id": "107869177", "timestamp": 1607845615407, "tick_direction": 2, "price": 0.793, "mark_price": 0.79333196, "iv": 0.0, "instrument_name": "BTC-25DEC20-4000-C", "index_price": 19232.89, "direction": "buy", "amount": 0.2}, {"trade_seq": 63, "trade_id": "105190292", "timestamp": 1606747635165, "tick_direction": 0, "price": 0.798, "mark_price": 0.79840564, "iv": 0.0, "instrument_name": "BTC-25DEC20-4000-C", "index_price": 19540.45, "direction": "buy", "amount": 0.2}, {"trade_seq": 62, "trade_id": "105094271", "timestamp": 1606725090339, "tick_direction": 1, "price": 0.7855, "mark_price": 0.78528537, "iv": 212.82, "instrument_name": "BTC-25DEC20-4000-C", "index_price": 18454.67, "direction": "buy", "amount": 0.2}, {"trade_seq": 61, "trade_id": "105094270", "timestamp": 1606725090339, "tick_direction": 0, "price": 0.7855, "mark_price": 0.78528537, "iv": 212.82, "instrument_name": "BTC-25DEC20-4000-C", "index_price": 18454.67, "direction": "buy", "amount": 0.2}, {"trade_seq": 60, "trade_id": "104876379", "timestamp": 1606636961494, "tick_direction": 2, "price": 0.778, "mark_price": 0.77807316, "iv": 0.0, "instrument_name": "BTC-25DEC20-4000-C", "index_price": 17866.81, "direction": "buy", "amount": 0.1}, {"trade_seq": 59, "trade_id": "102976988", "timestamp": 1606093279997, "tick_direction": 0, "price": 0.782, "mark_price": 0.78161822, "iv": 200.58, "instrument_name": "BTC-25DEC20-4000-C", "index_price": 18096.71, "direction": "sell", "amount": 0.1}, {"trade_seq": 58, "trade_id": "101649473", "timestamp": 1605638929090, "tick_direction": 0, "price": 0.776, "mark_price": 0.77645442, "iv": 0.0, "instrument_name": "BTC-25DEC20-4000-C", "index_price": 17721.1, "direction": "buy", "amount": 0.1}, {"trade_seq": 57, "trade_id": "97945484", "timestamp": 1604138721458, "tick_direction": 0, "price": 0.7195, "mark_price": 0.72006932, "iv": 123.39, "instrument_name": "BTC-25DEC20-4000-C", "index_price": 13995.08, "direction": "buy", "amount": 0.2}, {"trade_seq": 56, "trade_id": "97131592", "timestamp": 1603813537338, "tick_direction": 0, "price": 0.7105, "mark_price": 0.71097972, "iv": 110.94, "instrument_name": "BTC-25DEC20-4000-C", "index_price": 13579.72, "direction": "buy", "amount": 0.3}, {"trade_seq": 55, "trade_id": "96274755", "timestamp": 1603320843588, "tick_direction": 0, "price": 0.7025, "mark_price": 0.70332629, "iv": 111.12, "instrument_name": "BTC-25DEC20-4000-C", "index_price": 13186.35, "direction": "buy", "amount": 0.3}, {"trade_seq": 54, "trade_id": "96266481", "timestamp": 1603319468004, "tick_direction": 0, "price": 0.7005, "mark_price": 0.70091664, "iv": 120.24, "instrument_name": "BTC-25DEC20-4000-C", "index_price": 13084.95, "direction": "buy", "amount": 0.4}, {"trade_seq": 53, "trade_id": "95563165", "timestamp": 1602822317397, "tick_direction": 0, "price": 0.6515, "mark_price": 0.6521952, "iv": 103.2, "instrument_name": "BTC-25DEC20-4000-C", "index_price": 11265.6, "direction": "sell", "amount": 0.3}, {"trade_seq": 52, "trade_id": "91625270", "timestamp": 1599382357607, "tick_direction": 0, "price": 0.615, "mark_price": 0.61945981, "iv": 78.21, "instrument_name": "BTC-25DEC20-4000-C", "index_price": 10213.08, "direction": "sell", "amount": 0.6}, {"trade_seq": 51, "trade_id": "91490390", "timestamp": 1599332090906, "tick_direction": 2, "price": 0.6075, "mark_price": 0.60746716, "iv": 99.98, "instrument_name": "BTC-25DEC20-4000-C", "index_price": 9888.18, "direction": "sell", "amount": 0.2}, {"trade_seq": 50, "trade_id": "91144011", "timestamp": 1599231145573, "tick_direction": 2, "price": 0.612, "mark_price": 0.61200564, "iv": 100.7, "instrument_name": "BTC-25DEC20-4000-C", "index_price": 9991.33, "direction": "sell", "amount": 0.2}, {"trade_seq": 49, "trade_id": "90249399", "timestamp": 1598943898439, "tick_direction": 1, "price": 0.674, "mark_price": 0.67731654, "iv": 76.77, "instrument_name": "BTC-25DEC20-4000-C", "index_price": 11896.91, "direction": "sell", "amount": 0.2}, {"trade_seq": 48, "trade_id": "90249351", "timestamp": 1598943890920, "tick_direction": 1, "price": 0.674, "mark_price": 0.67727671, "iv": 78.02, "instrument_name": "BTC-25DEC20-4000-C", "index_price": 11894.77, "direction": "sell", "amount": 0.2}, {"trade_seq": 47, "trade_id": "90249343", "timestamp": 1598943888043, "tick_direction": 1, "price": 0.674, "mark_price": 0.67727148, "iv": 78.22, "instrument_name": "BTC-25DEC20-4000-C", "index_price": 11894.67, "direction": "sell", "amount": 0.2}, {"trade_seq": 46, "trade_id": "90249336", "timestamp": 1598943883131, "tick_direction": 1, "price": 0.674, "mark_price": 0.67725184, "iv": 78.63, "instrument_name": "BTC-25DEC20-4000-C", "index_price": 11894.31, "direction": "sell", "amount": 0.2}, {"trade_seq": 45, "trade_id": "90249283", "timestamp": 1598943876895, "tick_direction": 1, "price": 0.674, "mark_price": 0.67720256, "iv": 79.56, "instrument_name": "BTC-25DEC20-4000-C", "index_price": 11893.0, "direction": "sell", "amount": 0.2}, {"trade_seq": 44, "trade_id": "90249272", "timestamp": 1598943873119, "tick_direction": 1, "price": 0.674, "mark_price": 0.67714412, "iv": 80.63, "instrument_name": "BTC-25DEC20-4000-C", "index_price": 11892.27, "direction": "sell", "amount": 0.2}, {"trade_seq": 43, "trade_id": "90249269", "timestamp": 1598943870782, "tick_direction": 0, "price": 0.674, "mark_price": 0.67713711, "iv": 80.68, "instrument_name": "BTC-25DEC20-4000-C", "index_price": 11891.64, "direction": "sell", "amount": 0.2}, {"trade_seq": 42, "trade_id": "90141023", "timestamp": 1598859886958, "tick_direction": 2, "price": 0.6665, "mark_price": 0.66915233, "iv": 83.29, "instrument_name": "BTC-25DEC20-4000-C", "index_price": 11614.35, "direction": "sell", "amount": 0.4}, {"trade_seq": 41, "trade_id": "89946058", "timestamp": 1598607764812, "tick_direction": 0, "price": 0.6755, "mark_price": 0.66387196, "iv": 136.72, "instrument_name": "BTC-25DEC20-4000-C", "index_price": 11437.31, "direction": "buy", "amount": 4.3}, {"trade_seq": 40, "trade_id": "89400400", "timestamp": 1598255198250, "tick_direction": 0, "price": 0.671, "mark_price": 0.67545344, "iv": 77.46, "instrument_name": "BTC-25DEC20-4000-C", "index_price": 11748.85, "direction": "sell", "amount": 0.4}, {"trade_seq": 39, "trade_id": "89294361", "timestamp": 1598083279907, "tick_direction": 1, "price": 0.6655, "mark_price": 0.67125789, "iv": 0.0, "instrument_name": "BTC-25DEC20-4000-C", "index_price": 11594.61, "direction": "sell", "amount": 0.1}, {"trade_seq": 38, "trade_id": "89294337", "timestamp": 1598083248562, "tick_direction": 0, "price": 0.6655, "mark_price": 0.67113772, "iv": 59.57, "instrument_name": "BTC-25DEC20-4000-C", "index_price": 11592.03, "direction": "sell", "amount": 0.1}, {"trade_seq": 37, "trade_id": "89294126", "timestamp": 1598083190150, "tick_direction": 1, "price": 0.665, "mark_price": 0.67065535, "iv": 57.04, "instrument_name": "BTC-25DEC20-4000-C", "index_price": 11581.44, "direction": "sell", "amount": 0.1}, {"trade_seq": 36, "trade_id": "89294111", "timestamp": 1598083142279, "tick_direction": 1, "price": 0.665, "mark_price": 0.67062695, "iv": 63.38, "instrument_name": "BTC-25DEC20-4000-C", "index_price": 11581.46, "direction": "sell", "amount": 0.2}, {"trade_seq": 35, "trade_id": "89294096", "timestamp": 1598083104138, "tick_direction": 0, "price": 0.665, "mark_price": 0.67062145, "iv": 63.83, "instrument_name": "BTC-25DEC20-4000-C", "index_price": 11581.02, "direction": "sell", "amount": 0.2}, {"trade_seq": 34, "trade_id": "89276485", "timestamp": 1598061986855, "tick_direction": 2, "price": 0.6615, "mark_price": 0.66683246, "iv": 66.88, "instrument_name": "BTC-25DEC20-4000-C", "index_price": 11472.08, "direction": "sell", "amount": 0.2}, {"trade_seq": 33, "trade_id": "89076715", "timestamp": 1597878840806, "tick_direction": 2, "price": 0.6865, "mark_price": 0.67578198, "iv": 135.67, "instrument_name": "BTC-25DEC20-4000-C", "index_price": 11723.55, "direction": "buy", "amount": 2.5}, {"trade_seq": 32, "trade_id": "88694320", "timestamp": 1597679189857, "tick_direction": 0, "price": 0.695, "mark_price": 0.69609198, "iv": 104.02, "instrument_name": "BTC-25DEC20-4000-C", "index_price": 12391.78, "direction": "buy", "amount": 0.3}, {"trade_seq": 31, "trade_id": "88640281", "timestamp": 1597670844086, "tick_direction": 0, "price": 0.682, "mark_price": 0.68317602, "iv": 103.39, "instrument_name": "BTC-25DEC20-4000-C", "index_price": 11898.11, "direction": "sell", "amount": 0.2}, {"trade_seq": 30, "trade_id": "85353335", "timestamp": 1595776373654, "tick_direction": 0, "price": 0.613, "mark_price": 0.61737266, "iv": 75.96, "instrument_name": "BTC-25DEC20-4000-C", "index_price": 9940.46, "direction": "sell", "amount": 0.2}, {"trade_seq": 29, "trade_id": "84643236", "timestamp": 1594699709499, "tick_direction": 2, "price": 0.6015, "mark_price": 0.58774323, "iv": 109.63, "instrument_name": "BTC-25DEC20-4000-C", "index_price": 9207.9, "direction": "buy", "amount": 0.1}, {"trade_seq": 28, "trade_id": "84637484", "timestamp": 1594682525100, "tick_direction": 0, "price": 0.6085, "mark_price": 0.58883101, "iv": 116.67, "instrument_name": "BTC-25DEC20-4000-C", "index_price": 9233.87, "direction": "buy", "amount": 0.1}, {"trade_seq": 27, "trade_id": "83924306", "timestamp": 1593580118677, "tick_direction": 0, "price": 0.572, "mark_price": 0.58701291, "iv": 62.1, "instrument_name": "BTC-25DEC20-4000-C", "index_price": 9145.88, "direction": "sell", "amount": 0.5}, {"trade_seq": 26, "trade_id": "83903038", "timestamp": 1593543557302, "tick_direction": 2, "price": 0.5685, "mark_price": 0.58580902, "iv": 50.8, "instrument_name": "BTC-25DEC20-4000-C", "index_price": 9129.05, "direction": "sell", "amount": 0.2}, {"trade_seq": 25, "trade_id": "83842711", "timestamp": 1593448274163, "tick_direction": 0, "price": 0.57, "mark_price": 0.58497709, "iv": 63.35, "instrument_name": "BTC-25DEC20-4000-C", "index_price": 9110.92, "direction": "sell", "amount": 0.2}, {"trade_seq": 24, "trade_id": "83820861", "timestamp": 1593426888110, "tick_direction": 2, "price": 0.5675, "mark_price": 0.58557779, "iv": 49.9, "instrument_name": "BTC-25DEC20-4000-C", "index_price": 9110.59, "direction": "sell", "amount": 0.1}, {"trade_seq": 23, "trade_id": "81736098", "timestamp": 1591622583260, "tick_direction": 1, "price": 0.6025, "mark_price": 0.62005209, "iv": 61.99, "instrument_name": "BTC-25DEC20-4000-C", "index_price": 9722.02, "direction": "sell", "amount": 0.7}, {"trade_seq": 22, "trade_id": "81705915", "timestamp": 1591599895895, "tick_direction": 0, "price": 0.6025, "mark_price": 0.62067988, "iv": 59.35, "instrument_name": "BTC-25DEC20-4000-C", "index_price": 9732.83, "direction": "sell", "amount": 0.2}, {"trade_seq": 21, "trade_id": "81139304", "timestamp": 1591121752209, "tick_direction": 0, "price": 0.598, "mark_price": 0.61205824, "iv": 74.04, "instrument_name": "BTC-25DEC20-4000-C", "index_price": 9533.26, "direction": "sell", "amount": 1.0}, {"trade_seq": 20, "trade_id": "81139281", "timestamp": 1591121705987, "tick_direction": 2, "price": 0.592, "mark_price": 0.61211701, "iv": 57.17, "instrument_name": "BTC-25DEC20-4000-C", "index_price": 9533.56, "direction": "sell", "amount": 1.0}, {"trade_seq": 19, "trade_id": "75991617", "timestamp": 1588984094608, "tick_direction": 2, "price": 0.625, "mark_price": 0.62792276, "iv": 93.03, "instrument_name": "BTC-25DEC20-4000-C", "index_price": 9848.23, "direction": "sell", "amount": 0.2}, {"trade_seq": 18, "trade_id": "75991524", "timestamp": 1588984064290, "tick_direction": 1, "price": 0.626, "mark_price": 0.62827605, "iv": 93.81, "instrument_name": "BTC-25DEC20-4000-C", "index_price": 9859.95, "direction": "buy", "amount": 0.1}, {"trade_seq": 17, "trade_id": "75991520", "timestamp": 1588984062301, "tick_direction": 1, "price": 0.626, "mark_price": 0.62827645, "iv": 93.81, "instrument_name": "BTC-25DEC20-4000-C", "index_price": 9860.01, "direction": "buy", "amount": 0.1}, {"trade_seq": 16, "trade_id": "75991519", "timestamp": 1588984057614, "tick_direction": 1, "price": 0.626, "mark_price": 0.62826059, "iv": 93.82, "instrument_name": "BTC-25DEC20-4000-C", "index_price": 9860.0, "direction": "buy", "amount": 0.1}, {"trade_seq": 15, "trade_id": "75991518", "timestamp": 1588984054042, "tick_direction": 1, "price": 0.626, "mark_price": 0.62826411, "iv": 93.83, "instrument_name": "BTC-25DEC20-4000-C", "index_price": 9859.9, "direction": "buy", "amount": 0.1}, {"trade_seq": 14, "trade_id": "75991515", "timestamp": 1588984052133, "tick_direction": 1, "price": 0.626, "mark_price": 0.62826802, "iv": 93.82, "instrument_name": "BTC-25DEC20-4000-C", "index_price": 9860.09, "direction": "buy", "amount": 0.1}, {"trade_seq": 13, "trade_id": "75991514", "timestamp": 1588984044973, "tick_direction": 0, "price": 0.626, "mark_price": 0.62827871, "iv": 93.81, "instrument_name": "BTC-25DEC20-4000-C", "index_price": 9860.54, "direction": "buy", "amount": 0.1}, {"trade_seq": 12, "trade_id": "73445572", "timestamp": 1587653389270, "tick_direction": 0, "price": 0.535, "mark_price": 0.53539365, "iv": 91.78, "instrument_name": "BTC-25DEC20-4000-C", "index_price": 7558.07, "direction": "buy", "amount": 0.4}, {"trade_seq": 11, "trade_id": "70421950", "timestamp": 1585520089274, "tick_direction": 0, "price": 0.4655, "mark_price": 0.46380946, "iv": 101.05, "instrument_name": "BTC-25DEC20-4000-C", "index_price": 5919.84, "direction": "buy", "amount": 5.0}, {"trade_seq": 10, "trade_id": "70418382", "timestamp": 1585518412844, "tick_direction": 2, "price": 0.463, "mark_price": 0.45958655, "iv": 100.38, "instrument_name": "BTC-25DEC20-4000-C", "index_price": 5906.82, "direction": "sell", "amount": 0.1}, {"trade_seq": 9, "trade_id": "70418381", "timestamp": 1585518404678, "tick_direction": 2, "price": 0.464, "mark_price": 0.45956829, "iv": 100.81, "instrument_name": "BTC-25DEC20-4000-C", "index_price": 5908.03, "direction": "sell", "amount": 0.7}, {"trade_seq": 8, "trade_id": "70418375", "timestamp": 1585518395189, "tick_direction": 2, "price": 0.465, "mark_price": 0.45964448, "iv": 101.21, "instrument_name": "BTC-25DEC20-4000-C", "index_price": 5909.94, "direction": "sell", "amount": 0.7}, {"trade_seq": 7, "trade_id": "70030507", "timestamp": 1585285331134, "tick_direction": 2, "price": 0.5225, "mark_price": 0.5250314, "iv": 104.93, "instrument_name": "BTC-25DEC20-4000-C", "index_price": 6720.79, "direction": "sell", "amount": 0.1}, {"trade_seq": 6, "trade_id": "70030007", "timestamp": 1585285314496, "tick_direction": 2, "price": 0.523, "mark_price": 0.52531735, "iv": 105.18, "instrument_name": "BTC-25DEC20-4000-C", "index_price": 6722.38, "direction": "sell", "amount": 0.1}, {"trade_seq": 5, "trade_id": "70029917", "timestamp": 1585285309364, "tick_direction": 2, "price": 0.5235, "mark_price": 0.52568848, "iv": 105.12, "instrument_name": "BTC-25DEC20-4000-C", "index_price": 6732.07, "direction": "sell", "amount": 0.1}, {"trade_seq": 4, "trade_id": "70029778", "timestamp": 1585285301973, "tick_direction": 2, "price": 0.524, "mark_price": 0.52618183, "iv": 105.08, "instrument_name": "BTC-25DEC20-4000-C", "index_price": 6742.71, "direction": "sell", "amount": 0.1}, {"trade_seq": 3, "trade_id": "70029028", "timestamp": 1585285110245, "tick_direction": 2, "price": 0.5245, "mark_price": 0.52671852, "iv": 105.05, "instrument_name": "BTC-25DEC20-4000-C", "index_price": 6756.9, "direction": "sell", "amount": 0.1}, {"trade_seq": 2, "trade_id": "70028984", "timestamp": 1585285108135, "tick_direction": 2, "price": 0.525, "mark_price": 0.52684239, "iv": 105.24, "instrument_name": "BTC-25DEC20-4000-C", "index_price": 6756.5, "direction": "sell", "amount": 0.1}, {"trade_seq": 1, "trade_id": "70018676", "timestamp": 1585276708431, "tick_direction": 1, "price": 0.5255, "mark_price": 0.52646375, "iv": 104.75, "instrument_name": "BTC-25DEC20-4000-C", "index_price": 6782.43, "direction": "sell", "amount": 0.1}], "has_more": false}