{"trades": [{"trade_seq": 703, "trade_id": "240285733", "timestamp": 1674824262869, "tick_direction": 2, "price": 0.0001, "mark_price": 0.00026061, "iv": 105.97, "instrument_name": "BTC-31MAR23-100000-C", "index_price": 22949.71, "direction": "sell", "block_trade_id": "62831", "amount": 18.7}, {"trade_seq": 702, "trade_id": "239836898", "timestamp": 1674326448177, "tick_direction": 1, "price": 0.0005, "mark_price": 0.00047242, "iv": 114.71, "instrument_name": "BTC-31MAR23-100000-C", "index_price": 23200.15, "direction": "sell", "amount": 0.8}, {"trade_seq": 701, "trade_id": "239836897", "timestamp": 1674326448177, "tick_direction": 1, "price": 0.0005, "mark_price": 0.00047242, "iv": 114.71, "instrument_name": "BTC-31MAR23-100000-C", "index_price": 23200.15, "direction": "sell", "amount": 8.9}, {"trade_seq": 700, "trade_id": "239836896", "timestamp": 1674326448175, "tick_direction": 0, "price": 0.0005, "mark_price": 0.00047242, "iv": 114.71, "instrument_name": "BTC-31MAR23-100000-C", "index_price": 23200.15, "direction": "buy", "amount": 0.3}, {"trade_seq": 699, "trade_id": "239357210", "timestamp": 1673880026833, "tick_direction": 2, "price": 0.0003, "mark_price": 0.00036959, "iv": 112.5, "instrument_name": "BTC-31MAR23-100000-C", "index_price": 20858.4, "direction": "sell", "combo_id": "BTC-CS-31MAR23-100000_120000", "block_trade_id": "61401", "amount": 22.6}, {"trade_seq": 698, "trade_id": "239353090", "timestamp": 1673875077630, "tick_direction": 3, "price": 0.0005, "mark_price": 0.00037003, "iv": 117.52, "instrument_name": "BTC-31MAR23-100000-C", "index_price": 20848.32, "direction": "buy", "amount": 0.7}, {"trade_seq": 697, "trade_id": "238344055", "timestamp": 1672242686223, "tick_direction": 3, "price": 0.0005, "mark_price": 0.00034836, "iv": 118.4, "instrument_name": "BTC-31MAR23-100000-C", "index_price": 16592.75, "direction": "buy", "amount": 15.3}, {"trade_seq": 696, "trade_id": "238344054", "timestamp": 1672242686202, "tick_direction": 3, "price": 0.0005, "mark_price": 0.00034836, "iv": 118.4, "instrument_name": "BTC-31MAR23-100000-C", "index_price": 16592.75, "direction": "buy", "amount": 15.0}, {"trade_seq": 695, "trade_id": "238204491", "timestamp": 1671756196594, "tick_direction": 3, "price": 0.0005, "mark_price": 0.00052645, "iv": 114.37, "instrument_name": "BTC-31MAR23-100000-C", "index_price": 16791.51, "direction": "sell", "amount": 1.0}, {"trade_seq": 694, "trade_id": "237583556", "timestamp": 1670861566623, "tick_direction": 2, "price": 0.0005, "mark_price": 0.00089719, "iv": 107.9, "instrument_name": "BTC-31MAR23-100000-C", "index_price": 17010.97, "direction": "sell", "amount": 0.1}, {"trade_seq": 693, "trade_id": "237428649", "timestamp": 1670453913020, "tick_direction": 0, "price": 0.001, "mark_price": 0.00123234, "iv": 112.98, "instrument_name": "BTC-31MAR23-100000-C", "index_price": 16845.19, "direction": "sell", "amount": 3.4}, {"trade_seq": 692, "trade_id": "237362020", "timestamp": 1670321286291, "tick_direction": 2, "price": 0.0005, "mark_price": 0.00071608, "iv": 104.91, "instrument_name": "BTC-31MAR23-100000-C", "index_price": 16974.35, "direction": "sell", "amount": 2.0}, {"trade_seq": 691, "trade_id": "236836889", "timestamp": 1669633567438, "tick_direction": 3, "price": 0.001, "mark_price": 0.00072429, "iv": 110.55, "instrument_name": "BTC-31MAR23-100000-C", "index_price": 16208.05, "direction": "sell", "amount": 6.5}, {"trade_seq": 690, "trade_id": "236836888", "timestamp": 1669633558890, "tick_direction": 3, "price": 0.001, "mark_price": 0.00072241, "iv": 110.56, "instrument_name": "BTC-31MAR23-100000-C", "index_price": 16207.49, "direction": "buy", "amount": 5.0}, {"trade_seq": 689, "trade_id": "236836887", "timestamp": 1669633556847, "tick_direction": 3, "price": 0.001, "mark_price": 0.00072244, "iv": 110.56, "instrument_name": "BTC-31MAR23-100000-C", "index_price": 16207.05, "direction": "buy", "amount": 5.0}, {"trade_seq": 688, "trade_id": "236836885", "timestamp": 1669633555087, "tick_direction": 3, "price": 0.001, "mark_price": 0.00072222, "iv": 110.56, "instrument_name": "BTC-31MAR23-100000-C", "index_price": 16207.1, "direction": "sell", "amount": 5.0}, {"trade_seq": 687, "trade_id": "236836883", "timestamp": 1669633553472, "tick_direction": 3, "price": 0.001, "mark_price": 0.00072206, "iv": 110.55, "instrument_name": "BTC-31MAR23-100000-C", "index_price": 16208.0, "direction": "sell", "amount": 5.0}, {"trade_seq": 686, "trade_id": "236836882", "timestamp": 1669633547691, "tick_direction": 3, "price": 0.001, "mark_price": 0.00072008, "iv": 110.56, "instrument_name": "BTC-31MAR23-100000-C", "index_price": 16207.6, "direction": "sell", "amount": 3.0}, {"trade_seq": 685, "trade_id": "236836881", "timestamp": 1669633547685, "tick_direction": 3, "price": 0.001, "mark_price": 0.00072008, "iv": 110.56, "instrument_name": "BTC-31MAR23-100000-C", "index_price": 16207.6, "direction": "buy", "amount": 2.0}, {"trade_seq": 684, "trade_id": "236801787", "timestamp": 1669570469006, "tick_direction": 2, "price": 0.001, "mark_price": 0.00083657, "iv": 109.15, "instrument_name": "BTC-31MAR23-100000-C", "index_price": 16516.43, "direction": "sell", "amount": 1.0}, {"trade_seq": 683, "trade_id": "236516045", "timestamp": 1669074107473, "tick_direction": 1, "price": 0.0015, "mark_price": 0.0014838, "iv": 113.68, "instrument_name": "BTC-31MAR23-100000-C", "index_price": 15785.2, "direction": "buy", "amount": 1.0}, {"trade_seq": 682, "trade_id": "236516044", "timestamp": 1669074107473, "tick_direction": 1, "price": 0.0015, "mark_price": 0.0014838, "iv": 113.68, "instrument_name": "BTC-31MAR23-100000-C", "index_price": 15785.2, "direction": "buy", "amount": 9.0}, {"trade_seq": 681, "trade_id": "236516040", "timestamp": 1669074104408, "tick_direction": 0, "price": 0.0015, "mark_price": 0.00148373, "iv": 113.68, "instrument_name": "BTC-31MAR23-100000-C", "index_price": 15785.25, "direction": "buy", "amount": 10.0}, {"trade_seq": 680, "trade_id": "236498640", "timestamp": 1669061730157, "tick_direction": 3, "price": 0.001, "mark_price": 0.00045804, "iv": 109.24, "instrument_name": "BTC-31MAR23-100000-C", "index_price": 15789.01, "direction": "buy", "amount": 1.0}, {"trade_seq": 679, "trade_id": "236260997", "timestamp": 1668715178106, "tick_direction": 0, "price": 0.0015, "mark_price": 0.00091489, "iv": 109.31, "instrument_name": "BTC-31MAR23-100000-C", "index_price": 16608.44, "direction": "buy", "amount": 1.0}, {"trade_seq": 678, "trade_id": "236222675", "timestamp": 1668682980035, "tick_direction": 2, "price": 0.0005, "mark_price": 0.00089741, "iv": 98.83, "instrument_name": "BTC-31MAR23-100000-C", "index_price": 16524.3, "direction": "sell", "amount": 2.5}, {"trade_seq": 677, "trade_id": "236155281", "timestamp": 1668609368133, "tick_direction": 1, "price": 0.001, "mark_price": 0.00126749, "iv": 104.97, "instrument_name": "BTC-31MAR23-100000-C", "index_price": 16529.43, "direction": "sell", "amount": 1.0}, {"trade_seq": 676, "trade_id": "235238117", "timestamp": 1668113343608, "tick_direction": 0, "price": 0.001, "mark_price": 0.00100354, "iv": 99.85, "instrument_name": "BTC-31MAR23-100000-C", "index_price": 17484.72, "direction": "sell", "amount": 3.0}, {"trade_seq": 675, "trade_id": "233906281", "timestamp": 1667873427498, "tick_direction": 3, "price": 0.0005, "mark_price": 0.00089844, "iv": 84.86, "instrument_name": "BTC-31MAR23-100000-C", "index_price": 20629.17, "direction": "sell", "amount": 5.0}, {"trade_seq": 674, "trade_id": "233773519", "timestamp": 1667711089803, "tick_direction": 3, "price": 0.0005, "mark_price": 0.0008982, "iv": 82.96, "instrument_name": "BTC-31MAR23-100000-C", "index_price": 21226.52, "direction": "sell", "amount": 5.0}, {"trade_seq": 673, "trade_id": "233698360", "timestamp": 1667614353564, "tick_direction": 3, "price": 0.0005, "mark_price": 0.00079908, "iv": 82.34, "instrument_name": "BTC-31MAR23-100000-C", "index_price": 21402.74, "direction": "sell", "amount": 1.5}, {"trade_seq": 672, "trade_id": "232830946", "timestamp": 1666783693686, "tick_direction": 2, "price": 0.0005, "mark_price": 0.00075388, "iv": 81.39, "instrument_name": "BTC-31MAR23-100000-C", "index_price": 20652.99, "direction": "sell", "amount": 0.1}, {"trade_seq": 671, "trade_id": "232829683", "timestamp": 1666782413146, "tick_direction": 1, "price": 0.001, "mark_price": 0.00072808, "iv": 86.65, "instrument_name": "BTC-31MAR23-100000-C", "index_price": 20723.21, "direction": "buy", "amount": 1.0}, {"trade_seq": 670, "trade_id": "232829653", "timestamp": 1666782382350, "tick_direction": 1, "price": 0.001, "mark_price": 0.00072566, "iv": 86.65, "instrument_name": "BTC-31MAR23-100000-C", "index_price": 20726.16, "direction": "buy", "amount": 2.0}, {"trade_seq": 669, "trade_id": "232829575", "timestamp": 1666782323257, "tick_direction": 0, "price": 0.001, "mark_price": 0.0007274, "iv": 86.64, "instrument_name": "BTC-31MAR23-100000-C", "index_price": 20726.61, "direction": "buy", "amount": 2.0}, {"trade_seq": 668, "trade_id": "232726468", "timestamp": 1666725486799, "tick_direction": 3, "price": 0.0005, "mark_price": 0.00080111, "iv": 81.85, "instrument_name": "BTC-31MAR23-100000-C", "index_price": 20358.19, "direction": "sell", "amount": 3.4}, {"trade_seq": 667, "trade_id": "232442292", "timestamp": 1666339141798, "tick_direction": 3, "price": 0.0005, "mark_price": 0.00060883, "iv": 83.68, "instrument_name": "BTC-31MAR23-100000-C", "index_price": 19030.58, "direction": "sell", "amount": 1.0}, {"trade_seq": 666, "trade_id": "232388694", "timestamp": 1666274214993, "tick_direction": 3, "price": 0.0005, "mark_price": 0.00071904, "iv": 83.1, "instrument_name": "BTC-31MAR23-100000-C", "index_price": 19198.57, "direction": "sell", "amount": 36.0}, {"trade_seq": 665, "trade_id": "232388693", "timestamp": 1666274214993, "tick_direction": 3, "price": 0.0005, "mark_price": 0.00071904, "iv": 83.1, "instrument_name": "BTC-31MAR23-100000-C", "index_price": 19198.57, "direction": "sell", "amount": 5.0}, {"trade_seq": 664, "trade_id": "232388692", "timestamp": 1666274214993, "tick_direction": 3, "price": 0.0005, "mark_price": 0.00071904, "iv": 83.1, "instrument_name": "BTC-31MAR23-100000-C", "index_price": 19198.57, "direction": "sell", "amount": 0.1}, {"trade_seq": 663, "trade_id": "232388691", "timestamp": 1666274214993, "tick_direction": 3, "price": 0.0005, "mark_price": 0.00071904, "iv": 83.1, "instrument_name": "BTC-31MAR23-100000-C", "index_price": 19198.57, "direction": "sell", "amount": 40.0}, {"trade_seq": 662, "trade_id": "232388690", "timestamp": 1666274214993, "tick_direction": 2, "price": 0.0005, "mark_price": 0.00071904, "iv": 83.1, "instrument_name": "BTC-31MAR23-100000-C", "index_price": 19198.57, "direction": "sell", "amount": 0.9}, {"trade_seq": 661, "trade_id": "232333389", "timestamp": 1666201480929, "tick_direction": 0, "price": 0.001, "mark_price": 0.00075718, "iv": 88.41, "instrument_name": "BTC-31MAR23-100000-C", "index_price": 19165.77, "direction": "buy", "amount": 0.3}, {"trade_seq": 660, "trade_id": "232243822", "timestamp": 1666102569671, "tick_direction": 2, "price": 0.0005, "mark_price": 0.00073222, "iv": 81.81, "instrument_name": "BTC-31MAR23-100000-C", "index_price": 19537.22, "direction": "sell", "amount": 0.1}, {"trade_seq": 659, "trade_id": "231771356", "timestamp": 1665581536979, "tick_direction": 3, "price": 0.001, "mark_price": 0.00122447, "iv": 86.73, "instrument_name": "BTC-31MAR23-100000-C", "index_price": 19053.02, "direction": "sell", "amount": 10.0}, {"trade_seq": 658, "trade_id": "231771355", "timestamp": 1665581536979, "tick_direction": 2, "price": 0.001, "mark_price": 0.00122447, "iv": 86.73, "instrument_name": "BTC-31MAR23-100000-C", "index_price": 19053.02, "direction": "sell", "amount": 1.0}, {"trade_seq": 657, "trade_id": "231018778", "timestamp": 1664816809430, "tick_direction": 1, "price": 0.002, "mark_price": 0.00174968, "iv": 89.83, "instrument_name": "BTC-31MAR23-100000-C", "index_price": 19454.35, "direction": "buy", "amount": 7.4}, {"trade_seq": 656, "trade_id": "231018777", "timestamp": 1664816809430, "tick_direction": 0, "price": 0.002, "mark_price": 0.00174968, "iv": 89.83, "instrument_name": "BTC-31MAR23-100000-C", "index_price": 19454.35, "direction": "buy", "amount": 2.6}, {"trade_seq": 655, "trade_id": "230993063", "timestamp": 1664802029348, "tick_direction": 0, "price": 0.0015, "mark_price": 0.00106573, "iv": 87.57, "instrument_name": "BTC-31MAR23-100000-C", "index_price": 19256.36, "direction": "sell", "amount": 0.6}, {"trade_seq": 654, "trade_id": "230878602", "timestamp": 1664641023522, "tick_direction": 3, "price": 0.001, "mark_price": 0.00133513, "iv": 83.54, "instrument_name": "BTC-31MAR23-100000-C", "index_price": 19309.42, "direction": "buy", "amount": 0.4}, {"trade_seq": 653, "trade_id": "230878601", "timestamp": 1664641023518, "tick_direction": 3, "price": 0.001, "mark_price": 0.00133513, "iv": 83.54, "instrument_name": "BTC-31MAR23-100000-C", "index_price": 19309.42, "direction": "sell", "amount": 1.6}, {"trade_seq": 652, "trade_id": "230744485", "timestamp": 1664534628074, "tick_direction": 3, "price": 0.001, "mark_price": 0.00142294, "iv": 82.85, "instrument_name": "BTC-31MAR23-100000-C", "index_price": 19524.08, "direction": "buy", "amount": 0.8}, {"trade_seq": 651, "trade_id": "230744484", "timestamp": 1664534628070, "tick_direction": 3, "price": 0.001, "mark_price": 0.00142294, "iv": 82.85, "instrument_name": "BTC-31MAR23-100000-C", "index_price": 19524.08, "direction": "sell", "amount": 1.7}, {"trade_seq": 650, "trade_id": "230744483", "timestamp": 1664534628070, "tick_direction": 3, "price": 0.001, "mark_price": 0.00142294, "iv": 82.85, "instrument_name": "BTC-31MAR23-100000-C", "index_price": 19524.08, "direction": "sell", "amount": 0.5}, {"trade_seq": 649, "trade_id": "230479070", "timestamp": 1664354324632, "tick_direction": 3, "price": 0.001, "mark_price": 0.00142921, "iv": 84.08, "instrument_name": "BTC-31MAR23-100000-C", "index_price": 18726.89, "direction": "sell", "amount": 1.5}, {"trade_seq": 648, "trade_id": "230368109", "timestamp": 1664294878122, "tick_direction": 3, "price": 0.001, "mark_price": 0.0013949, "iv": 81.5, "instrument_name": "BTC-31MAR23-100000-C", "index_price": 19839.02, "direction": "sell", "amount": 5.0}, {"trade_seq": 647, "trade_id": "230228302", "timestamp": 1664191138489, "tick_direction": 3, "price": 0.001, "mark_price": 0.00140631, "iv": 83.19, "instrument_name": "BTC-31MAR23-100000-C", "index_price": 18971.41, "direction": "sell", "amount": 2.2}, {"trade_seq": 646, "trade_id": "230228283", "timestamp": 1664191109564, "tick_direction": 3, "price": 0.001, "mark_price": 0.00141622, "iv": 83.16, "instrument_name": "BTC-31MAR23-100000-C", "index_price": 18988.39, "direction": "sell", "amount": 2.3}, {"trade_seq": 645, "trade_id": "230228282", "timestamp": 1664191109564, "tick_direction": 2, "price": 0.001, "mark_price": 0.00141622, "iv": 83.16, "instrument_name": "BTC-31MAR23-100000-C", "index_price": 18988.39, "direction": "sell", "amount": 5.0}, {"trade_seq": 644, "trade_id": "229492469", "timestamp": 1663577287068, "tick_direction": 2, "price": 0.0015, "mark_price": 0.00174645, "iv": 86.14, "instrument_name": "BTC-31MAR23-100000-C", "index_price": 18447.78, "direction": "sell", "amount": 1.0}, {"trade_seq": 643, "trade_id": "229388369", "timestamp": 1663467711966, "tick_direction": 2, "price": 0.002, "mark_price": 0.00202348, "iv": 84.92, "instrument_name": "BTC-31MAR23-100000-C", "index_price": 20013.08, "direction": "sell", "amount": 0.1}, {"trade_seq": 642, "trade_id": "228468888", "timestamp": 1662537552790, "tick_direction": 1, "price": 0.003, "mark_price": 0.00248367, "iv": 89.34, "instrument_name": "BTC-31MAR23-100000-C", "index_price": 18807.48, "direction": "sell", "amount": 6.8}, {"trade_seq": 641, "trade_id": "228468887", "timestamp": 1662537552786, "tick_direction": 0, "price": 0.003, "mark_price": 0.00248367, "iv": 89.34, "instrument_name": "BTC-31MAR23-100000-C", "index_price": 18807.48, "direction": "buy", "amount": 1.9}, {"trade_seq": 640, "trade_id": "228459761", "timestamp": 1662525830683, "tick_direction": 2, "price": 0.0025, "mark_price": 0.00248639, "iv": 87.65, "instrument_name": "BTC-31MAR23-100000-C", "index_price": 18733.26, "direction": "buy", "amount": 0.2}, {"trade_seq": 639, "trade_id": "228083262", "timestamp": 1662079146305, "tick_direction": 2, "price": 0.003, "mark_price": 0.00357612, "iv": 85.39, "instrument_name": "BTC-31MAR23-100000-C", "index_price": 20061.77, "direction": "sell", "amount": 3.0}, {"trade_seq": 638, "trade_id": "228021438", "timestamp": 1662023688806, "tick_direction": 1, "price": 0.004, "mark_price": 0.00372593, "iv": 88.69, "instrument_name": "BTC-31MAR23-100000-C", "index_price": 19883.0, "direction": "sell", "amount": 2.1}, {"trade_seq": 637, "trade_id": "228021437", "timestamp": 1662023688802, "tick_direction": 1, "price": 0.004, "mark_price": 0.00372593, "iv": 88.69, "instrument_name": "BTC-31MAR23-100000-C", "index_price": 19883.0, "direction": "sell", "amount": 11.1}, {"trade_seq": 636, "trade_id": "228021436", "timestamp": 1662023688796, "tick_direction": 0, "price": 0.004, "mark_price": 0.00372593, "iv": 88.69, "instrument_name": "BTC-31MAR23-100000-C", "index_price": 19883.0, "direction": "sell", "amount": 16.8}, {"trade_seq": 635, "trade_id": "228009090", "timestamp": 1662011469401, "tick_direction": 3, "price": 0.0035, "mark_price": 0.00402274, "iv": 86.85, "instrument_name": "BTC-31MAR23-100000-C", "index_price": 20048.02, "direction": "sell", "amount": 0.1}, {"trade_seq": 634, "trade_id": "228000597", "timestamp": 1661999168169, "tick_direction": 2, "price": 0.0035, "mark_price": 0.00422164, "iv": 86.51, "instrument_name": "BTC-31MAR23-100000-C", "index_price": 20193.89, "direction": "sell", "amount": 0.1}, {"trade_seq": 633, "trade_id": "227986040", "timestamp": 1661979424158, "tick_direction": 0, "price": 0.0045, "mark_price": 0.00421295, "iv": 89.18, "instrument_name": "BTC-31MAR23-100000-C", "index_price": 20201.51, "direction": "sell", "amount": 3.0}, {"trade_seq": 632, "trade_id": "227936081", "timestamp": 1661930386334, "tick_direction": 2, "price": 0.004, "mark_price": 0.00413841, "iv": 87.53, "instrument_name": "BTC-31MAR23-100000-C", "index_price": 20289.1, "direction": "sell", "amount": 1.7}, {"trade_seq": 631, "trade_id": "227915808", "timestamp": 1661906820559, "tick_direction": 2, "price": 0.0045, "mark_price": 0.00392303, "iv": 89.5, "instrument_name": "BTC-31MAR23-100000-C", "index_price": 19981.66, "direction": "sell", "amount": 0.1}, {"trade_seq": 630, "trade_id": "227915800", "timestamp": 1661906810353, "tick_direction": 0, "price": 0.005, "mark_price": 0.00392517, "iv": 90.7, "instrument_name": "BTC-31MAR23-100000-C", "index_price": 19982.99, "direction": "buy", "amount": 0.2}, {"trade_seq": 629, "trade_id": "227890955", "timestamp": 1661879834591, "tick_direction": 3, "price": 0.004, "mark_price": 0.00323662, "iv": 88.9, "instrument_name": "BTC-31MAR23-100000-C", "index_price": 19598.67, "direction": "buy", "amount": 1.6}, {"trade_seq": 628, "trade_id": "227890927", "timestamp": 1661879825045, "tick_direction": 3, "price": 0.004, "mark_price": 0.0032107, "iv": 88.92, "instrument_name": "BTC-31MAR23-100000-C", "index_price": 19590.66, "direction": "buy", "amount": 2.6}, {"trade_seq": 627, "trade_id": "227890926", "timestamp": 1661879824270, "tick_direction": 2, "price": 0.004, "mark_price": 0.00320968, "iv": 88.93, "instrument_name": "BTC-31MAR23-100000-C", "index_price": 19589.74, "direction": "buy", "amount": 2.4}, {"trade_seq": 626, "trade_id": "227779056", "timestamp": 1661770752518, "tick_direction": 2, "price": 0.0045, "mark_price": 0.00447878, "iv": 89.52, "instrument_name": "BTC-31MAR23-100000-C", "index_price": 19832.9, "direction": "sell", "amount": 1.0}, {"trade_seq": 625, "trade_id": "227736007", "timestamp": 1661708008540, "tick_direction": 3, "price": 0.005, "mark_price": 0.00526173, "iv": 90.13, "instrument_name": "BTC-31MAR23-100000-C", "index_price": 20026.41, "direction": "sell", "amount": 9.0}, {"trade_seq": 624, "trade_id": "227735943", "timestamp": 1661707930247, "tick_direction": 3, "price": 0.005, "mark_price": 0.0052815, "iv": 90.09, "instrument_name": "BTC-31MAR23-100000-C", "index_price": 20046.28, "direction": "sell", "amount": 1.0}, {"trade_seq": 623, "trade_id": "227735942", "timestamp": 1661707930247, "tick_direction": 3, "price": 0.005, "mark_price": 0.0052815, "iv": 90.09, "instrument_name": "BTC-31MAR23-100000-C", "index_price": 20046.28, "direction": "sell", "amount": 10.0}, {"trade_seq": 622, "trade_id": "227735941", "timestamp": 1661707930247, "tick_direction": 2, "price": 0.005, "mark_price": 0.0052815, "iv": 90.09, "instrument_name": "BTC-31MAR23-100000-C", "index_price": 20046.28, "direction": "sell", "amount": 4.0}, {"trade_seq": 621, "trade_id": "227343488", "timestamp": 1661279278012, "tick_direction": 0, "price": 0.0065, "mark_price": 0.00672205, "iv": 88.8, "instrument_name": "BTC-31MAR23-100000-C", "index_price": 21557.19, "direction": "buy", "amount": 0.1}, {"trade_seq": 620, "trade_id": "227315597", "timestamp": 1661248663381, "tick_direction": 2, "price": 0.006, "mark_price": 0.00661516, "iv": 87.91, "instrument_name": "BTC-31MAR23-100000-C", "index_price": 21467.34, "direction": "sell", "amount": 0.1}, {"trade_seq": 619, "trade_id": "226913720", "timestamp": 1660874399009, "tick_direction": 0, "price": 0.0055, "mark_price": 0.00571719, "iv": 83.48, "instrument_name": "BTC-31MAR23-100000-C", "index_price": 22758.31, "direction": "buy", "amount": 1.0}, {"trade_seq": 618, "trade_id": "226913714", "timestamp": 1660874356128, "tick_direction": 3, "price": 0.005, "mark_price": 0.00573506, "iv": 82.41, "instrument_name": "BTC-31MAR23-100000-C", "index_price": 22760.44, "direction": "sell", "amount": 1.0}, {"trade_seq": 617, "trade_id": "226913713", "timestamp": 1660874354427, "tick_direction": 3, "price": 0.005, "mark_price": 0.00573502, "iv": 82.42, "instrument_name": "BTC-31MAR23-100000-C", "index_price": 22759.59, "direction": "sell", "amount": 1.0}, {"trade_seq": 616, "trade_id": "226913712", "timestamp": 1660874352855, "tick_direction": 3, "price": 0.005, "mark_price": 0.00573528, "iv": 82.42, "instrument_name": "BTC-31MAR23-100000-C", "index_price": 22759.48, "direction": "sell", "amount": 1.0}, {"trade_seq": 615, "trade_id": "226913711", "timestamp": 1660874351262, "tick_direction": 3, "price": 0.005, "mark_price": 0.00573545, "iv": 82.42, "instrument_name": "BTC-31MAR23-100000-C", "index_price": 22759.47, "direction": "sell", "amount": 1.0}, {"trade_seq": 614, "trade_id": "226913710", "timestamp": 1660874349840, "tick_direction": 3, "price": 0.005, "mark_price": 0.00573591, "iv": 82.42, "instrument_name": "BTC-31MAR23-100000-C", "index_price": 22759.58, "direction": "sell", "amount": 1.0}, {"trade_seq": 613, "trade_id": "226913709", "timestamp": 1660874347715, "tick_direction": 3, "price": 0.005, "mark_price": 0.00573371, "iv": 82.42, "instrument_name": "BTC-31MAR23-100000-C", "index_price": 22757.14, "direction": "sell", "amount": 1.0}, {"trade_seq": 612, "trade_id": "226913698", "timestamp": 1660874346308, "tick_direction": 3, "price": 0.005, "mark_price": 0.00573287, "iv": 82.43, "instrument_name": "BTC-31MAR23-100000-C", "index_price": 22756.37, "direction": "sell", "amount": 1.0}, {"trade_seq": 611, "trade_id": "226913690", "timestamp": 1660874344922, "tick_direction": 3, "price": 0.005, "mark_price": 0.00573156, "iv": 82.43, "instrument_name": "BTC-31MAR23-100000-C", "index_price": 22754.31, "direction": "sell", "amount": 1.0}, {"trade_seq": 610, "trade_id": "226913689", "timestamp": 1660874343441, "tick_direction": 3, "price": 0.005, "mark_price": 0.00573183, "iv": 82.43, "instrument_name": "BTC-31MAR23-100000-C", "index_price": 22754.24, "direction": "sell", "amount": 1.0}, {"trade_seq": 609, "trade_id": "226913688", "timestamp": 1660874341252, "tick_direction": 2, "price": 0.005, "mark_price": 0.00573288, "iv": 82.43, "instrument_name": "BTC-31MAR23-100000-C", "index_price": 22754.58, "direction": "sell", "amount": 1.0}, {"trade_seq": 608, "trade_id": "226913085", "timestamp": 1660873856586, "tick_direction": 1, "price": 0.0055, "mark_price": 0.00587165, "iv": 83.37, "instrument_name": "BTC-31MAR23-100000-C", "index_price": 22805.05, "direction": "buy", "amount": 1.0}, {"trade_seq": 607, "trade_id": "226913083", "timestamp": 1660873855203, "tick_direction": 1, "price": 0.0055, "mark_price": 0.00587141, "iv": 83.38, "instrument_name": "BTC-31MAR23-100000-C", "index_price": 22804.66, "direction": "buy", "amount": 1.0}, {"trade_seq": 606, "trade_id": "226913082", "timestamp": 1660873853713, "tick_direction": 1, "price": 0.0055, "mark_price": 0.00587208, "iv": 83.38, "instrument_name": "BTC-31MAR23-100000-C", "index_price": 22804.86, "direction": "buy", "amount": 1.0}, {"trade_seq": 605, "trade_id": "226913081", "timestamp": 1660873851997, "tick_direction": 1, "price": 0.0055, "mark_price": 0.00587361, "iv": 83.37, "instrument_name": "BTC-31MAR23-100000-C", "index_price": 22805.61, "direction": "buy", "amount": 1.0}, {"trade_seq": 604, "trade_id": "226913080", "timestamp": 1660873850122, "tick_direction": 1, "price": 0.0055, "mark_price": 0.00587385, "iv": 83.37, "instrument_name": "BTC-31MAR23-100000-C", "index_price": 22805.61, "direction": "buy", "amount": 1.0}, {"trade_seq": 603, "trade_id": "226913079", "timestamp": 1660873839194, "tick_direction": 1, "price": 0.0055, "mark_price": 0.00587573, "iv": 83.38, "instrument_name": "BTC-31MAR23-100000-C", "index_price": 22804.9, "direction": "buy", "amount": 1.0}, {"trade_seq": 602, "trade_id": "226913078", "timestamp": 1660873836497, "tick_direction": 1, "price": 0.0055, "mark_price": 0.00587953, "iv": 83.37, "instrument_name": "BTC-31MAR23-100000-C", "index_price": 22807.25, "direction": "buy", "amount": 1.0}, {"trade_seq": 601, "trade_id": "226913073", "timestamp": 1660873813313, "tick_direction": 1, "price": 0.0055, "mark_price": 0.00588701, "iv": 83.37, "instrument_name": "BTC-31MAR23-100000-C", "index_price": 22808.71, "direction": "buy", "amount": 1.0}, {"trade_seq": 600, "trade_id": "226912655", "timestamp": 1660873097203, "tick_direction": 1, "price": 0.0055, "mark_price": 0.00604798, "iv": 83.35, "instrument_name": "BTC-31MAR23-100000-C", "index_price": 22797.81, "direction": "buy", "amount": 1.0}, {"trade_seq": 599, "trade_id": "226912654", "timestamp": 1660873095708, "tick_direction": 1, "price": 0.0055, "mark_price": 0.00604824, "iv": 83.35, "instrument_name": "BTC-31MAR23-100000-C", "index_price": 22796.62, "direction": "buy", "amount": 1.0}, {"trade_seq": 598, "trade_id": "226912653", "timestamp": 1660873091301, "tick_direction": 1, "price": 0.0055, "mark_price": 0.0060485, "iv": 83.36, "instrument_name": "BTC-31MAR23-100000-C", "index_price": 22795.68, "direction": "buy", "amount": 1.0}, {"trade_seq": 597, "trade_id": "226912652", "timestamp": 1660873089626, "tick_direction": 1, "price": 0.0055, "mark_price": 0.0060491, "iv": 83.36, "instrument_name": "BTC-31MAR23-100000-C", "index_price": 22797.09, "direction": "buy", "amount": 1.0}, {"trade_seq": 596, "trade_id": "226912644", "timestamp": 1660873088145, "tick_direction": 1, "price": 0.0055, "mark_price": 0.00604985, "iv": 83.36, "instrument_name": "BTC-31MAR23-100000-C", "index_price": 22796.12, "direction": "buy", "amount": 1.0}, {"trade_seq": 595, "trade_id": "226912642", "timestamp": 1660873086606, "tick_direction": 1, "price": 0.0055, "mark_price": 0.00605313, "iv": 83.35, "instrument_name": "BTC-31MAR23-100000-C", "index_price": 22798.54, "direction": "buy", "amount": 1.0}, {"trade_seq": 594, "trade_id": "226912630", "timestamp": 1660873084223, "tick_direction": 1, "price": 0.0055, "mark_price": 0.0060579, "iv": 83.35, "instrument_name": "BTC-31MAR23-100000-C", "index_price": 22800.85, "direction": "buy", "amount": 1.0}, {"trade_seq": 593, "trade_id": "226912624", "timestamp": 1660873082791, "tick_direction": 1, "price": 0.0055, "mark_price": 0.00605888, "iv": 83.35, "instrument_name": "BTC-31MAR23-100000-C", "index_price": 22803.4, "direction": "buy", "amount": 1.0}, {"trade_seq": 592, "trade_id": "226912623", "timestamp": 1660873081293, "tick_direction": 1, "price": 0.0055, "mark_price": 0.00605862, "iv": 83.35, "instrument_name": "BTC-31MAR23-100000-C", "index_price": 22804.07, "direction": "buy", "amount": 1.0}, {"trade_seq": 591, "trade_id": "226912621", "timestamp": 1660873078928, "tick_direction": 1, "price": 0.0055, "mark_price": 0.0060583, "iv": 83.35, "instrument_name": "BTC-31MAR23-100000-C", "index_price": 22802.57, "direction": "buy", "amount": 1.0}, {"trade_seq": 590, "trade_id": "226912620", "timestamp": 1660873077408, "tick_direction": 1, "price": 0.0055, "mark_price": 0.00605838, "iv": 83.35, "instrument_name": "BTC-31MAR23-100000-C", "index_price": 22802.55, "direction": "buy", "amount": 1.0}, {"trade_seq": 589, "trade_id": "226912619", "timestamp": 1660873075831, "tick_direction": 1, "price": 0.0055, "mark_price": 0.00606016, "iv": 83.35, "instrument_name": "BTC-31MAR23-100000-C", "index_price": 22801.8, "direction": "buy", "amount": 1.0}, {"trade_seq": 588, "trade_id": "226912613", "timestamp": 1660873072720, "tick_direction": 0, "price": 0.0055, "mark_price": 0.00605975, "iv": 83.35, "instrument_name": "BTC-31MAR23-100000-C", "index_price": 22803.3, "direction": "buy", "amount": 1.0}, {"trade_seq": 587, "trade_id": "226912608", "timestamp": 1660873068124, "tick_direction": 2, "price": 0.005, "mark_price": 0.00606174, "iv": 82.3, "instrument_name": "BTC-31MAR23-100000-C", "index_price": 22803.63, "direction": "sell", "amount": 1.0}, {"trade_seq": 586, "trade_id": "226910126", "timestamp": 1660872141866, "tick_direction": 3, "price": 0.0055, "mark_price": 0.00643731, "iv": 83.3, "instrument_name": "BTC-31MAR23-100000-C", "index_price": 22835.35, "direction": "sell", "amount": 1.0}, {"trade_seq": 585, "trade_id": "226910125", "timestamp": 1660872139700, "tick_direction": 3, "price": 0.0055, "mark_price": 0.00643757, "iv": 83.3, "instrument_name": "BTC-31MAR23-100000-C", "index_price": 22834.71, "direction": "sell", "amount": 1.0}, {"trade_seq": 584, "trade_id": "226910121", "timestamp": 1660872138211, "tick_direction": 3, "price": 0.0055, "mark_price": 0.00643598, "iv": 83.3, "instrument_name": "BTC-31MAR23-100000-C", "index_price": 22833.22, "direction": "sell", "amount": 1.0}, {"trade_seq": 583, "trade_id": "226910119", "timestamp": 1660872136626, "tick_direction": 3, "price": 0.0055, "mark_price": 0.00643644, "iv": 83.3, "instrument_name": "BTC-31MAR23-100000-C", "index_price": 22832.87, "direction": "sell", "amount": 1.0}, {"trade_seq": 582, "trade_id": "226910118", "timestamp": 1660872134257, "tick_direction": 3, "price": 0.0055, "mark_price": 0.00643605, "iv": 83.3, "instrument_name": "BTC-31MAR23-100000-C", "index_price": 22832.61, "direction": "sell", "amount": 1.0}, {"trade_seq": 581, "trade_id": "226910104", "timestamp": 1660872131813, "tick_direction": 3, "price": 0.0055, "mark_price": 0.00643619, "iv": 83.31, "instrument_name": "BTC-31MAR23-100000-C", "index_price": 22832.07, "direction": "sell", "amount": 1.0}, {"trade_seq": 580, "trade_id": "226910099", "timestamp": 1660872130132, "tick_direction": 3, "price": 0.0055, "mark_price": 0.00644065, "iv": 83.31, "instrument_name": "BTC-31MAR23-100000-C", "index_price": 22832.22, "direction": "sell", "amount": 1.0}, {"trade_seq": 579, "trade_id": "226910096", "timestamp": 1660872128594, "tick_direction": 3, "price": 0.0055, "mark_price": 0.00644148, "iv": 83.3, "instrument_name": "BTC-31MAR23-100000-C", "index_price": 22836.4, "direction": "sell", "amount": 1.0}, {"trade_seq": 578, "trade_id": "226910095", "timestamp": 1660872126472, "tick_direction": 3, "price": 0.0055, "mark_price": 0.00644341, "iv": 83.3, "instrument_name": "BTC-31MAR23-100000-C", "index_price": 22837.49, "direction": "sell", "amount": 1.0}, {"trade_seq": 577, "trade_id": "226910089", "timestamp": 1660872124503, "tick_direction": 3, "price": 0.0055, "mark_price": 0.00644076, "iv": 83.3, "instrument_name": "BTC-31MAR23-100000-C", "index_price": 22834.47, "direction": "sell", "amount": 1.0}, {"trade_seq": 576, "trade_id": "226910071", "timestamp": 1660872122423, "tick_direction": 3, "price": 0.0055, "mark_price": 0.0064429, "iv": 83.3, "instrument_name": "BTC-31MAR23-100000-C", "index_price": 22836.07, "direction": "sell", "amount": 1.0}, {"trade_seq": 575, "trade_id": "226910069", "timestamp": 1660872120711, "tick_direction": 3, "price": 0.0055, "mark_price": 0.00644024, "iv": 83.31, "instrument_name": "BTC-31MAR23-100000-C", "index_price": 22833.18, "direction": "sell", "amount": 1.0}, {"trade_seq": 574, "trade_id": "226910058", "timestamp": 1660872118627, "tick_direction": 3, "price": 0.0055, "mark_price": 0.00644195, "iv": 83.31, "instrument_name": "BTC-31MAR23-100000-C", "index_price": 22834.56, "direction": "sell", "amount": 1.0}, {"trade_seq": 573, "trade_id": "226910055", "timestamp": 1660872116965, "tick_direction": 2, "price": 0.0055, "mark_price": 0.00644433, "iv": 83.3, "instrument_name": "BTC-31MAR23-100000-C", "index_price": 22835.69, "direction": "sell", "amount": 1.0}, {"trade_seq": 572, "trade_id": "226910003", "timestamp": 1660872113290, "tick_direction": 1, "price": 0.006, "mark_price": 0.0064559, "iv": 84.28, "instrument_name": "BTC-31MAR23-100000-C", "index_price": 22844.67, "direction": "buy", "amount": 1.0}, {"trade_seq": 571, "trade_id": "226910002", "timestamp": 1660872113290, "tick_direction": 0, "price": 0.006, "mark_price": 0.0064559, "iv": 84.28, "instrument_name": "BTC-31MAR23-100000-C", "index_price": 22844.67, "direction": "buy", "amount": 1.0}, {"trade_seq": 570, "trade_id": "226909990", "timestamp": 1660872112835, "tick_direction": 3, "price": 0.0055, "mark_price": 0.0064559, "iv": 83.29, "instrument_name": "BTC-31MAR23-100000-C", "index_price": 22844.67, "direction": "sell", "amount": 1.0}, {"trade_seq": 569, "trade_id": "226909919", "timestamp": 1660872100663, "tick_direction": 3, "price": 0.0055, "mark_price": 0.00646843, "iv": 83.28, "instrument_name": "BTC-31MAR23-100000-C", "index_price": 22853.34, "direction": "sell", "amount": 0.6}, {"trade_seq": 568, "trade_id": "226909918", "timestamp": 1660872100663, "tick_direction": 3, "price": 0.0055, "mark_price": 0.00646843, "iv": 83.28, "instrument_name": "BTC-31MAR23-100000-C", "index_price": 22853.34, "direction": "sell", "amount": 0.4}, {"trade_seq": 567, "trade_id": "226909906", "timestamp": 1660872078536, "tick_direction": 2, "price": 0.0055, "mark_price": 0.00648255, "iv": 83.28, "instrument_name": "BTC-31MAR23-100000-C", "index_price": 22854.59, "direction": "sell", "amount": 1.0}, {"trade_seq": 566, "trade_id": "226909657", "timestamp": 1660871901937, "tick_direction": 3, "price": 0.006, "mark_price": 0.00657846, "iv": 84.23, "instrument_name": "BTC-31MAR23-100000-C", "index_price": 22868.66, "direction": "buy", "amount": 1.0}, {"trade_seq": 565, "trade_id": "226909656", "timestamp": 1660871898827, "tick_direction": 3, "price": 0.006, "mark_price": 0.00657846, "iv": 84.23, "instrument_name": "BTC-31MAR23-100000-C", "index_price": 22867.57, "direction": "buy", "amount": 1.0}, {"trade_seq": 564, "trade_id": "226909655", "timestamp": 1660871895015, "tick_direction": 3, "price": 0.006, "mark_price": 0.00657964, "iv": 84.24, "instrument_name": "BTC-31MAR23-100000-C", "index_price": 22867.98, "direction": "buy", "amount": 1.0}, {"trade_seq": 563, "trade_id": "226909654", "timestamp": 1660871889305, "tick_direction": 3, "price": 0.006, "mark_price": 0.00657859, "iv": 84.25, "instrument_name": "BTC-31MAR23-100000-C", "index_price": 22864.88, "direction": "buy", "amount": 1.0}, {"trade_seq": 562, "trade_id": "226909653", "timestamp": 1660871889305, "tick_direction": 3, "price": 0.006, "mark_price": 0.00657859, "iv": 84.25, "instrument_name": "BTC-31MAR23-100000-C", "index_price": 22864.88, "direction": "buy", "amount": 1.0}, {"trade_seq": 561, "trade_id": "226909652", "timestamp": 1660871889305, "tick_direction": 3, "price": 0.006, "mark_price": 0.00657859, "iv": 84.25, "instrument_name": "BTC-31MAR23-100000-C", "index_price": 22864.88, "direction": "buy", "amount": 1.0}, {"trade_seq": 560, "trade_id": "226909648", "timestamp": 1660871881101, "tick_direction": 3, "price": 0.006, "mark_price": 0.00658778, "iv": 84.24, "instrument_name": "BTC-31MAR23-100000-C", "index_price": 22874.06, "direction": "buy", "amount": 1.0}, {"trade_seq": 559, "trade_id": "226909647", "timestamp": 1660871881101, "tick_direction": 3, "price": 0.006, "mark_price": 0.00658778, "iv": 84.24, "instrument_name": "BTC-31MAR23-100000-C", "index_price": 22874.06, "direction": "buy", "amount": 1.0}, {"trade_seq": 558, "trade_id": "226909632", "timestamp": 1660871875642, "tick_direction": 3, "price": 0.006, "mark_price": 0.00659902, "iv": 84.22, "instrument_name": "BTC-31MAR23-100000-C", "index_price": 22881.32, "direction": "buy", "amount": 1.0}, {"trade_seq": 557, "trade_id": "226909631", "timestamp": 1660871874144, "tick_direction": 3, "price": 0.006, "mark_price": 0.00660196, "iv": 84.22, "instrument_name": "BTC-31MAR23-100000-C", "index_price": 22882.56, "direction": "buy", "amount": 1.0}, {"trade_seq": 556, "trade_id": "226909630", "timestamp": 1660871872311, "tick_direction": 3, "price": 0.006, "mark_price": 0.00660268, "iv": 84.22, "instrument_name": "BTC-31MAR23-100000-C", "index_price": 22882.62, "direction": "buy", "amount": 1.0}, {"trade_seq": 555, "trade_id": "226909629", "timestamp": 1660871870714, "tick_direction": 3, "price": 0.006, "mark_price": 0.00660267, "iv": 84.22, "instrument_name": "BTC-31MAR23-100000-C", "index_price": 22881.27, "direction": "buy", "amount": 1.0}, {"trade_seq": 554, "trade_id": "226909628", "timestamp": 1660871868932, "tick_direction": 3, "price": 0.006, "mark_price": 0.00660665, "iv": 84.22, "instrument_name": "BTC-31MAR23-100000-C", "index_price": 22883.32, "direction": "buy", "amount": 1.0}, {"trade_seq": 553, "trade_id": "226909627", "timestamp": 1660871867297, "tick_direction": 3, "price": 0.006, "mark_price": 0.00660909, "iv": 84.22, "instrument_name": "BTC-31MAR23-100000-C", "index_price": 22884.79, "direction": "sell", "amount": 1.0}, {"trade_seq": 552, "trade_id": "226909626", "timestamp": 1660871865706, "tick_direction": 3, "price": 0.006, "mark_price": 0.00661165, "iv": 84.21, "instrument_name": "BTC-31MAR23-100000-C", "index_price": 22886.03, "direction": "sell", "amount": 1.0}, {"trade_seq": 551, "trade_id": "226909624", "timestamp": 1660871863474, "tick_direction": 3, "price": 0.006, "mark_price": 0.00661363, "iv": 84.21, "instrument_name": "BTC-31MAR23-100000-C", "index_price": 22886.56, "direction": "sell", "amount": 1.0}, {"trade_seq": 550, "trade_id": "226909617", "timestamp": 1660871861896, "tick_direction": 3, "price": 0.006, "mark_price": 0.00661973, "iv": 84.2, "instrument_name": "BTC-31MAR23-100000-C", "index_price": 22890.75, "direction": "sell", "amount": 1.0}, {"trade_seq": 549, "trade_id": "226909616", "timestamp": 1660871859055, "tick_direction": 3, "price": 0.006, "mark_price": 0.00662002, "iv": 84.19, "instrument_name": "BTC-31MAR23-100000-C", "index_price": 22890.18, "direction": "sell", "amount": 1.0}, {"trade_seq": 548, "trade_id": "226909615", "timestamp": 1660871857167, "tick_direction": 3, "price": 0.006, "mark_price": 0.00661901, "iv": 84.19, "instrument_name": "BTC-31MAR23-100000-C", "index_price": 22888.63, "direction": "sell", "amount": 1.0}, {"trade_seq": 547, "trade_id": "226909604", "timestamp": 1660871854337, "tick_direction": 2, "price": 0.006, "mark_price": 0.00661674, "iv": 84.2, "instrument_name": "BTC-31MAR23-100000-C", "index_price": 22881.65, "direction": "sell", "amount": 1.0}, {"trade_seq": 546, "trade_id": "226906997", "timestamp": 1660869859394, "tick_direction": 3, "price": 0.0065, "mark_price": 0.00708149, "iv": 85.07, "instrument_name": "BTC-31MAR23-100000-C", "index_price": 22912.81, "direction": "buy", "amount": 0.2}, {"trade_seq": 545, "trade_id": "226906983", "timestamp": 1660869850322, "tick_direction": 3, "price": 0.0065, "mark_price": 0.00710201, "iv": 85.05, "instrument_name": "BTC-31MAR23-100000-C", "index_price": 22925.72, "direction": "sell", "amount": 0.8}, {"trade_seq": 544, "trade_id": "226906972", "timestamp": 1660869844220, "tick_direction": 2, "price": 0.0065, "mark_price": 0.0071226, "iv": 85.04, "instrument_name": "BTC-31MAR23-100000-C", "index_price": 22935.75, "direction": "sell", "amount": 1.0}, {"trade_seq": 543, "trade_id": "226906621", "timestamp": 1660869529293, "tick_direction": 3, "price": 0.007, "mark_price": 0.00750013, "iv": 85.9, "instrument_name": "BTC-31MAR23-100000-C", "index_price": 22929.88, "direction": "buy", "amount": 1.0}, {"trade_seq": 542, "trade_id": "226906607", "timestamp": 1660869526804, "tick_direction": 3, "price": 0.007, "mark_price": 0.00749914, "iv": 85.91, "instrument_name": "BTC-31MAR23-100000-C", "index_price": 22924.2, "direction": "buy", "amount": 1.0}, {"trade_seq": 541, "trade_id": "226906606", "timestamp": 1660869516188, "tick_direction": 3, "price": 0.007, "mark_price": 0.00750533, "iv": 85.92, "instrument_name": "BTC-31MAR23-100000-C", "index_price": 22921.4, "direction": "buy", "amount": 1.0}, {"trade_seq": 540, "trade_id": "226906605", "timestamp": 1660869513216, "tick_direction": 3, "price": 0.007, "mark_price": 0.00750735, "iv": 85.93, "instrument_name": "BTC-31MAR23-100000-C", "index_price": 22921.81, "direction": "buy", "amount": 1.0}, {"trade_seq": 539, "trade_id": "226906589", "timestamp": 1660869510752, "tick_direction": 3, "price": 0.007, "mark_price": 0.00750586, "iv": 85.93, "instrument_name": "BTC-31MAR23-100000-C", "index_price": 22917.4, "direction": "buy", "amount": 0.6}, {"trade_seq": 538, "trade_id": "226906588", "timestamp": 1660869510738, "tick_direction": 3, "price": 0.007, "mark_price": 0.00750586, "iv": 85.93, "instrument_name": "BTC-31MAR23-100000-C", "index_price": 22917.4, "direction": "sell", "amount": 0.4}, {"trade_seq": 537, "trade_id": "226906587", "timestamp": 1660869508745, "tick_direction": 3, "price": 0.007, "mark_price": 0.00751029, "iv": 85.93, "instrument_name": "BTC-31MAR23-100000-C", "index_price": 22917.94, "direction": "sell", "amount": 1.0}, {"trade_seq": 536, "trade_id": "226906586", "timestamp": 1660869506447, "tick_direction": 3, "price": 0.007, "mark_price": 0.00751366, "iv": 85.93, "instrument_name": "BTC-31MAR23-100000-C", "index_price": 22916.03, "direction": "sell", "amount": 1.0}, {"trade_seq": 535, "trade_id": "226906572", "timestamp": 1660869487980, "tick_direction": 3, "price": 0.007, "mark_price": 0.00752656, "iv": 85.94, "instrument_name": "BTC-31MAR23-100000-C", "index_price": 22911.06, "direction": "buy", "amount": 1.0}, {"trade_seq": 534, "trade_id": "226906564", "timestamp": 1660869485884, "tick_direction": 3, "price": 0.007, "mark_price": 0.00752485, "iv": 85.94, "instrument_name": "BTC-31MAR23-100000-C", "index_price": 22908.89, "direction": "buy", "amount": 1.0}, {"trade_seq": 533, "trade_id": "226906548", "timestamp": 1660869483317, "tick_direction": 3, "price": 0.007, "mark_price": 0.00751857, "iv": 85.95, "instrument_name": "BTC-31MAR23-100000-C", "index_price": 22900.45, "direction": "buy", "amount": 0.5}, {"trade_seq": 532, "trade_id": "226906547", "timestamp": 1660869483314, "tick_direction": 3, "price": 0.007, "mark_price": 0.00751857, "iv": 85.95, "instrument_name": "BTC-31MAR23-100000-C", "index_price": 22900.45, "direction": "sell", "amount": 0.5}, {"trade_seq": 531, "trade_id": "226906546", "timestamp": 1660869480852, "tick_direction": 3, "price": 0.007, "mark_price": 0.00751916, "iv": 85.95, "instrument_name": "BTC-31MAR23-100000-C", "index_price": 22899.69, "direction": "sell", "amount": 1.0}, {"trade_seq": 530, "trade_id": "226906541", "timestamp": 1660869478650, "tick_direction": 2, "price": 0.007, "mark_price": 0.00751702, "iv": 85.96, "instrument_name": "BTC-31MAR23-100000-C", "index_price": 22897.11, "direction": "sell", "amount": 1.0}, {"trade_seq": 529, "trade_id": "226832081", "timestamp": 1660785800438, "tick_direction": 0, "price": 0.008, "mark_price": 0.00839921, "iv": 86.19, "instrument_name": "BTC-31MAR23-100000-C", "index_price": 23438.94, "direction": "sell", "amount": 1.0}, {"trade_seq": 528, "trade_id": "226813683", "timestamp": 1660764209813, "tick_direction": 3, "price": 0.0075, "mark_price": 0.00778605, "iv": 85.74, "instrument_name": "BTC-31MAR23-100000-C", "index_price": 23254.6, "direction": "buy", "amount": 0.4}, {"trade_seq": 527, "trade_id": "226813619", "timestamp": 1660764161190, "tick_direction": 2, "price": 0.0075, "mark_price": 0.0077826, "iv": 85.74, "instrument_name": "BTC-31MAR23-100000-C", "index_price": 23252.23, "direction": "buy", "amount": 2.6}, {"trade_seq": 526, "trade_id": "226715497", "timestamp": 1660688090978, "tick_direction": 0, "price": 0.02, "mark_price": 0.00680973, "iv": 98.83, "instrument_name": "BTC-31MAR23-100000-C", "index_price": 23910.54, "direction": "buy", "amount": 1.0}, {"trade_seq": 525, "trade_id": "226715496", "timestamp": 1660688090978, "tick_direction": 0, "price": 0.0175, "mark_price": 0.00680973, "iv": 96.52, "instrument_name": "BTC-31MAR23-100000-C", "index_price": 23910.54, "direction": "buy", "amount": 5.0}, {"trade_seq": 524, "trade_id": "226715495", "timestamp": 1660688090978, "tick_direction": 0, "price": 0.0165, "mark_price": 0.00680973, "iv": 95.53, "instrument_name": "BTC-31MAR23-100000-C", "index_price": 23910.54, "direction": "buy", "amount": 0.5}, {"trade_seq": 523, "trade_id": "226715494", "timestamp": 1660688090978, "tick_direction": 0, "price": 0.016, "mark_price": 0.00680973, "iv": 95.03, "instrument_name": "BTC-31MAR23-100000-C", "index_price": 23910.54, "direction": "buy", "amount": 1.9}, {"trade_seq": 522, "trade_id": "226715493", "timestamp": 1660688090978, "tick_direction": 1, "price": 0.014, "mark_price": 0.00680973, "iv": 92.91, "instrument_name": "BTC-31MAR23-100000-C", "index_price": 23910.54, "direction": "buy", "amount": 1.0}, {"trade_seq": 521, "trade_id": "226715492", "timestamp": 1660688090978, "tick_direction": 1, "price": 0.014, "mark_price": 0.00680973, "iv": 92.91, "instrument_name": "BTC-31MAR23-100000-C", "index_price": 23910.54, "direction": "buy", "amount": 1.0}, {"trade_seq": 520, "trade_id": "226715491", "timestamp": 1660688090865, "tick_direction": 0, "price": 0.014, "mark_price": 0.00680601, "iv": 92.91, "instrument_name": "BTC-31MAR23-100000-C", "index_price": 23910.54, "direction": "buy", "amount": 4.0}, {"trade_seq": 519, "trade_id": "226715490", "timestamp": 1660688090865, "tick_direction": 0, "price": 0.0115, "mark_price": 0.00680601, "iv": 89.99, "instrument_name": "BTC-31MAR23-100000-C", "index_price": 23910.54, "direction": "buy", "amount": 1.0}, {"trade_seq": 518, "trade_id": "226715489", "timestamp": 1660688090865, "tick_direction": 0, "price": 0.011, "mark_price": 0.00680601, "iv": 89.36, "instrument_name": "BTC-31MAR23-100000-C", "index_price": 23910.54, "direction": "buy", "amount": 2.0}, {"trade_seq": 517, "trade_id": "226715488", "timestamp": 1660688090865, "tick_direction": 0, "price": 0.01, "mark_price": 0.00680601, "iv": 88.05, "instrument_name": "BTC-31MAR23-100000-C", "index_price": 23910.54, "direction": "buy", "amount": 4.1}, {"trade_seq": 516, "trade_id": "226715487", "timestamp": 1660688090865, "tick_direction": 0, "price": 0.0085, "mark_price": 0.00680601, "iv": 85.91, "instrument_name": "BTC-31MAR23-100000-C", "index_price": 23910.54, "direction": "buy", "amount": 1.7}, {"trade_seq": 515, "trade_id": "226715486", "timestamp": 1660688090865, "tick_direction": 1, "price": 0.008, "mark_price": 0.00680601, "iv": 85.14, "instrument_name": "BTC-31MAR23-100000-C", "index_price": 23910.54, "direction": "buy", "amount": 1.7}, {"trade_seq": 514, "trade_id": "226715485", "timestamp": 1660688090865, "tick_direction": 0, "price": 0.008, "mark_price": 0.00680601, "iv": 85.14, "instrument_name": "BTC-31MAR23-100000-C", "index_price": 23910.54, "direction": "buy", "amount": 0.5}, {"trade_seq": 513, "trade_id": "226604412", "timestamp": 1660560947649, "tick_direction": 1, "price": 0.007, "mark_price": 0.00705337, "iv": 82.47, "instrument_name": "BTC-31MAR23-100000-C", "index_price": 24289.96, "direction": "buy", "amount": 0.1}, {"trade_seq": 512, "trade_id": "226436248", "timestamp": 1660335760211, "tick_direction": 0, "price": 0.007, "mark_price": 0.00703432, "iv": 82.26, "instrument_name": "BTC-31MAR23-100000-C", "index_price": 24109.74, "direction": "buy", "amount": 1.0}, {"trade_seq": 511, "trade_id": "226296746", "timestamp": 1660211369627, "tick_direction": 2, "price": 0.0065, "mark_price": 0.00676317, "iv": 80.45, "instrument_name": "BTC-31MAR23-100000-C", "index_price": 24523.75, "direction": "buy", "amount": 1.0}, {"trade_seq": 510, "trade_id": "226040060", "timestamp": 1659959241732, "tick_direction": 0, "price": 0.0075, "mark_price": 0.00826776, "iv": 82.21, "instrument_name": "BTC-31MAR23-100000-C", "index_price": 24140.75, "direction": "buy", "amount": 0.1}, {"trade_seq": 509, "trade_id": "226037264", "timestamp": 1659955062402, "tick_direction": 1, "price": 0.007, "mark_price": 0.00744417, "iv": 81.44, "instrument_name": "BTC-31MAR23-100000-C", "index_price": 24102.51, "direction": "buy", "amount": 1.0}, {"trade_seq": 508, "trade_id": "226037263", "timestamp": 1659955062402, "tick_direction": 1, "price": 0.007, "mark_price": 0.00744417, "iv": 81.44, "instrument_name": "BTC-31MAR23-100000-C", "index_price": 24102.51, "direction": "buy", "amount": 1.0}, {"trade_seq": 507, "trade_id": "226036526", "timestamp": 1659954390424, "tick_direction": 1, "price": 0.007, "mark_price": 0.00769629, "iv": 81.49, "instrument_name": "BTC-31MAR23-100000-C", "index_price": 24049.43, "direction": "buy", "amount": 1.0}, {"trade_seq": 506, "trade_id": "226035242", "timestamp": 1659952546816, "tick_direction": 1, "price": 0.007, "mark_price": 0.00791135, "iv": 81.39, "instrument_name": "BTC-31MAR23-100000-C", "index_price": 24109.59, "direction": "buy", "amount": 2.0}, {"trade_seq": 505, "trade_id": "226035241", "timestamp": 1659952542532, "tick_direction": 1, "price": 0.007, "mark_price": 0.00791246, "iv": 81.4, "instrument_name": "BTC-31MAR23-100000-C", "index_price": 24109.23, "direction": "buy", "amount": 2.0}, {"trade_seq": 504, "trade_id": "226035237", "timestamp": 1659952529886, "tick_direction": 1, "price": 0.007, "mark_price": 0.00791954, "iv": 81.39, "instrument_name": "BTC-31MAR23-100000-C", "index_price": 24112.57, "direction": "buy", "amount": 2.0}, {"trade_seq": 503, "trade_id": "225582021", "timestamp": 1659430614222, "tick_direction": 0, "price": 0.007, "mark_price": 0.00657224, "iv": 82.85, "instrument_name": "BTC-31MAR23-100000-C", "index_price": 22796.94, "direction": "sell", "amount": 0.1}, {"trade_seq": 502, "trade_id": "224639097", "timestamp": 1658873244185, "tick_direction": 3, "price": 0.006, "mark_price": 0.00657717, "iv": 83.66, "instrument_name": "BTC-31MAR23-100000-C", "index_price": 20998.71, "direction": "buy", "amount": 4.6}, {"trade_seq": 501, "trade_id": "224639096", "timestamp": 1658873244134, "tick_direction": 3, "price": 0.006, "mark_price": 0.00657717, "iv": 83.66, "instrument_name": "BTC-31MAR23-100000-C", "index_price": 20998.71, "direction": "buy", "amount": 13.4}, {"trade_seq": 500, "trade_id": "224639095", "timestamp": 1658873244132, "tick_direction": 2, "price": 0.006, "mark_price": 0.00657717, "iv": 83.66, "instrument_name": "BTC-31MAR23-100000-C", "index_price": 20998.71, "direction": "sell", "amount": 2.0}, {"trade_seq": 499, "trade_id": "224146153", "timestamp": 1658501280742, "tick_direction": 0, "price": 0.0095, "mark_price": 0.00853519, "iv": 83.43, "instrument_name": "BTC-31MAR23-100000-C", "index_price": 23566.72, "direction": "buy", "amount": 1.0}, {"trade_seq": 498, "trade_id": "224105839", "timestamp": 1658480656637, "tick_direction": 0, "price": 0.009, "mark_price": 0.00818174, "iv": 83.16, "instrument_name": "BTC-31MAR23-100000-C", "index_price": 23349.83, "direction": "buy", "amount": 1.0}, {"trade_seq": 497, "trade_id": "224103188", "timestamp": 1658480000545, "tick_direction": 2, "price": 0.0085, "mark_price": 0.00797381, "iv": 82.67, "instrument_name": "BTC-31MAR23-100000-C", "index_price": 23186.14, "direction": "buy", "amount": 1.0}, {"trade_seq": 496, "trade_id": "224038605", "timestamp": 1658432969647, "tick_direction": 0, "price": 0.01, "mark_price": 0.00819139, "iv": 84.74, "instrument_name": "BTC-31MAR23-100000-C", "index_price": 23168.2, "direction": "buy", "amount": 0.9}, {"trade_seq": 495, "trade_id": "223528769", "timestamp": 1658229521782, "tick_direction": 2, "price": 0.007, "mark_price": 0.00734132, "iv": 82.05, "instrument_name": "BTC-31MAR23-100000-C", "index_price": 22080.45, "direction": "buy", "amount": 1.0}, {"trade_seq": 494, "trade_id": "223392440", "timestamp": 1658167685205, "tick_direction": 0, "price": 0.0075, "mark_price": 0.00820456, "iv": 83.12, "instrument_name": "BTC-31MAR23-100000-C", "index_price": 21895.13, "direction": "sell", "amount": 10.0}, {"trade_seq": 493, "trade_id": "223326584", "timestamp": 1658139961328, "tick_direction": 2, "price": 0.007, "mark_price": 0.00704155, "iv": 81.48, "instrument_name": "BTC-31MAR23-100000-C", "index_price": 22281.78, "direction": "buy", "amount": 5.0}, {"trade_seq": 492, "trade_id": "222484703", "timestamp": 1657408676331, "tick_direction": 2, "price": 0.0085, "mark_price": 0.0080581, "iv": 83.67, "instrument_name": "BTC-31MAR23-100000-C", "index_price": 21608.57, "direction": "sell", "amount": 0.5}, {"trade_seq": 491, "trade_id": "222482468", "timestamp": 1657403825358, "tick_direction": 0, "price": 0.0095, "mark_price": 0.0079923, "iv": 84.86, "instrument_name": "BTC-31MAR23-100000-C", "index_price": 21719.37, "direction": "sell", "amount": 0.1}, {"trade_seq": 490, "trade_id": "222008803", "timestamp": 1657036618010, "tick_direction": 2, "price": 0.007, "mark_price": 0.00678059, "iv": 84.9, "instrument_name": "BTC-31MAR23-100000-C", "index_price": 19519.5, "direction": "buy", "amount": 0.5}, {"trade_seq": 489, "trade_id": "221948441", "timestamp": 1657004519058, "tick_direction": 0, "price": 0.0085, "mark_price": 0.00762024, "iv": 85.38, "instrument_name": "BTC-31MAR23-100000-C", "index_price": 20368.4, "direction": "sell", "amount": 0.1}, {"trade_seq": 488, "trade_id": "221481627", "timestamp": 1656616047956, "tick_direction": 3, "price": 0.007, "mark_price": 0.0076856, "iv": 85.4, "instrument_name": "BTC-31MAR23-100000-C", "index_price": 18930.62, "direction": "sell", "amount": 9.1}, {"trade_seq": 487, "trade_id": "221481626", "timestamp": 1656616047956, "tick_direction": 2, "price": 0.007, "mark_price": 0.0076856, "iv": 85.4, "instrument_name": "BTC-31MAR23-100000-C", "index_price": 18930.62, "direction": "sell", "amount": 0.9}, {"trade_seq": 486, "trade_id": "221317258", "timestamp": 1656511933689, "tick_direction": 0, "price": 0.01, "mark_price": 0.008442, "iv": 87.13, "instrument_name": "BTC-31MAR23-100000-C", "index_price": 20133.29, "direction": "buy", "amount": 3.0}, {"trade_seq": 485, "trade_id": "221151039", "timestamp": 1656394017642, "tick_direction": 0, "price": 0.0095, "mark_price": 0.00928556, "iv": 84.82, "instrument_name": "BTC-31MAR23-100000-C", "index_price": 20794.89, "direction": "sell", "amount": 0.1}, {"trade_seq": 484, "trade_id": "221124256", "timestamp": 1656357671597, "tick_direction": 0, "price": 0.0105, "mark_price": 0.00925746, "iv": 86.05, "instrument_name": "BTC-31MAR23-100000-C", "index_price": 20777.55, "direction": "buy", "amount": 2.0}, {"trade_seq": 483, "trade_id": "220980583", "timestamp": 1656178517842, "tick_direction": 3, "price": 0.0085, "mark_price": 0.01013566, "iv": 82.43, "instrument_name": "BTC-31MAR23-100000-C", "index_price": 21118.58, "direction": "buy", "amount": 1.0}, {"trade_seq": 482, "trade_id": "220980564", "timestamp": 1656178448009, "tick_direction": 2, "price": 0.0085, "mark_price": 0.00958184, "iv": 82.41, "instrument_name": "BTC-31MAR23-100000-C", "index_price": 21123.55, "direction": "buy", "amount": 0.1}, {"trade_seq": 481, "trade_id": "220932742", "timestamp": 1656109768169, "tick_direction": 0, "price": 0.009, "mark_price": 0.00914784, "iv": 82.51, "instrument_name": "BTC-31MAR23-100000-C", "index_price": 21356.24, "direction": "buy", "amount": 1.0}, {"trade_seq": 480, "trade_id": "220837193", "timestamp": 1656056002882, "tick_direction": 2, "price": 0.007, "mark_price": 0.00859731, "iv": 80.68, "instrument_name": "BTC-31MAR23-100000-C", "index_price": 20881.36, "direction": "sell", "amount": 0.1}, {"trade_seq": 479, "trade_id": "220534497", "timestamp": 1655881627262, "tick_direction": 3, "price": 0.008, "mark_price": 0.00865125, "iv": 83.61, "instrument_name": "BTC-31MAR23-100000-C", "index_price": 20007.71, "direction": "sell", "amount": 1.0}, {"trade_seq": 478, "trade_id": "220534496", "timestamp": 1655881627262, "tick_direction": 2, "price": 0.008, "mark_price": 0.00865125, "iv": 83.61, "instrument_name": "BTC-31MAR23-100000-C", "index_price": 20007.71, "direction": "sell", "amount": 1.0}, {"trade_seq": 477, "trade_id": "220485169", "timestamp": 1655853834120, "tick_direction": 3, "price": 0.0085, "mark_price": 0.00881682, "iv": 82.99, "instrument_name": "BTC-31MAR23-100000-C", "index_price": 20635.14, "direction": "sell", "amount": 1.0}, {"trade_seq": 476, "trade_id": "220485168", "timestamp": 1655853834120, "tick_direction": 2, "price": 0.0085, "mark_price": 0.00881682, "iv": 82.99, "instrument_name": "BTC-31MAR23-100000-C", "index_price": 20635.14, "direction": "sell", "amount": 1.0}, {"trade_seq": 475, "trade_id": "220090024", "timestamp": 1655661127055, "tick_direction": 3, "price": 0.009, "mark_price": 0.0093036, "iv": 85.71, "instrument_name": "BTC-31MAR23-100000-C", "index_price": 19410.82, "direction": "sell", "amount": 1.0}, {"trade_seq": 474, "trade_id": "220090023", "timestamp": 1655661127055, "tick_direction": 2, "price": 0.009, "mark_price": 0.0093036, "iv": 85.71, "instrument_name": "BTC-31MAR23-100000-C", "index_price": 19410.82, "direction": "sell", "amount": 1.0}, {"trade_seq": 473, "trade_id": "220090022", "timestamp": 1655661127055, "tick_direction": 2, "price": 0.0095, "mark_price": 0.0093036, "iv": 86.38, "instrument_name": "BTC-31MAR23-100000-C", "index_price": 19410.82, "direction": "sell", "amount": 1.0}, {"trade_seq": 472, "trade_id": "219815188", "timestamp": 1655583787203, "tick_direction": 1, "price": 0.011, "mark_price": 0.00944864, "iv": 91.36, "instrument_name": "BTC-31MAR23-100000-C", "index_price": 17932.97, "direction": "sell", "amount": 1.0}, {"trade_seq": 471, "trade_id": "219785301", "timestamp": 1655577207402, "tick_direction": 0, "price": 0.011, "mark_price": 0.00947829, "iv": 90.61, "instrument_name": "BTC-31MAR23-100000-C", "index_price": 18259.55, "direction": "buy", "amount": 1.0}, {"trade_seq": 470, "trade_id": "219785208", "timestamp": 1655577191364, "tick_direction": 2, "price": 0.0085, "mark_price": 0.00957894, "iv": 87.23, "instrument_name": "BTC-31MAR23-100000-C", "index_price": 18300.63, "direction": "sell", "amount": 1.0}, {"trade_seq": 469, "trade_id": "219769208", "timestamp": 1655574214454, "tick_direction": 3, "price": 0.009, "mark_price": 0.01071375, "iv": 87.36, "instrument_name": "BTC-31MAR23-100000-C", "index_price": 18593.4, "direction": "sell", "amount": 5.0}, {"trade_seq": 468, "trade_id": "219769207", "timestamp": 1655574214454, "tick_direction": 2, "price": 0.009, "mark_price": 0.01071375, "iv": 87.36, "instrument_name": "BTC-31MAR23-100000-C", "index_price": 18593.4, "direction": "sell", "amount": 5.0}, {"trade_seq": 467, "trade_id": "219730191", "timestamp": 1655553932681, "tick_direction": 3, "price": 0.0095, "mark_price": 0.01065369, "iv": 86.72, "instrument_name": "BTC-31MAR23-100000-C", "index_price": 19179.01, "direction": "sell", "amount": 2.0}, {"trade_seq": 466, "trade_id": "219730190", "timestamp": 1655553932681, "tick_direction": 3, "price": 0.0095, "mark_price": 0.01065369, "iv": 86.72, "instrument_name": "BTC-31MAR23-100000-C", "index_price": 19179.01, "direction": "sell", "amount": 2.0}, {"trade_seq": 465, "trade_id": "219550401", "timestamp": 1655481634288, "tick_direction": 3, "price": 0.0095, "mark_price": 0.00970264, "iv": 83.69, "instrument_name": "BTC-31MAR23-100000-C", "index_price": 20637.18, "direction": "sell", "amount": 1.0}, {"trade_seq": 464, "trade_id": "219512144", "timestamp": 1655468810063, "tick_direction": 3, "price": 0.0095, "mark_price": 0.0101181, "iv": 83.03, "instrument_name": "BTC-31MAR23-100000-C", "index_price": 20932.25, "direction": "sell", "amount": 1.0}, {"trade_seq": 463, "trade_id": "219511967", "timestamp": 1655468719339, "tick_direction": 2, "price": 0.0095, "mark_price": 0.01028048, "iv": 82.97, "instrument_name": "BTC-31MAR23-100000-C", "index_price": 20967.22, "direction": "sell", "amount": 1.0}, {"trade_seq": 462, "trade_id": "219503404", "timestamp": 1655464956496, "tick_direction": 3, "price": 0.01, "mark_price": 0.01071128, "iv": 83.28, "instrument_name": "BTC-31MAR23-100000-C", "index_price": 21122.0, "direction": "sell", "amount": 2.0}, {"trade_seq": 461, "trade_id": "219503403", "timestamp": 1655464956496, "tick_direction": 2, "price": 0.01, "mark_price": 0.01071128, "iv": 83.28, "instrument_name": "BTC-31MAR23-100000-C", "index_price": 21122.0, "direction": "sell", "amount": 1.0}, {"trade_seq": 460, "trade_id": "219502467", "timestamp": 1655464447157, "tick_direction": 1, "price": 0.0105, "mark_price": 0.01136134, "iv": 83.89, "instrument_name": "BTC-31MAR23-100000-C", "index_price": 21159.07, "direction": "sell", "amount": 2.0}, {"trade_seq": 459, "trade_id": "219502328", "timestamp": 1655464415801, "tick_direction": 0, "price": 0.0105, "mark_price": 0.0112599, "iv": 83.98, "instrument_name": "BTC-31MAR23-100000-C", "index_price": 21112.85, "direction": "sell", "amount": 2.0}, {"trade_seq": 458, "trade_id": "219432049", "timestamp": 1655439064397, "tick_direction": 3, "price": 0.0095, "mark_price": 0.01049732, "iv": 84.04, "instrument_name": "BTC-31MAR23-100000-C", "index_price": 20398.32, "direction": "sell", "amount": 1.0}, {"trade_seq": 457, "trade_id": "219432048", "timestamp": 1655439064397, "tick_direction": 2, "price": 0.0095, "mark_price": 0.01049732, "iv": 84.04, "instrument_name": "BTC-31MAR23-100000-C", "index_price": 20398.32, "direction": "sell", "amount": 1.0}, {"trade_seq": 456, "trade_id": "219418333", "timestamp": 1655431759895, "tick_direction": 0, "price": 0.01, "mark_price": 0.01075753, "iv": 83.69, "instrument_name": "BTC-31MAR23-100000-C", "index_price": 20862.6, "direction": "sell", "amount": 1.0}, {"trade_seq": 455, "trade_id": "219374913", "timestamp": 1655419306081, "tick_direction": 2, "price": 0.009, "mark_price": 0.00963598, "iv": 82.83, "instrument_name": "BTC-31MAR23-100000-C", "index_price": 20568.7, "direction": "sell", "amount": 1.0}, {"trade_seq": 454, "trade_id": "219207816", "timestamp": 1655360774857, "tick_direction": 0, "price": 0.01, "mark_price": 0.01003163, "iv": 81.61, "instrument_name": "BTC-31MAR23-100000-C", "index_price": 21873.39, "direction": "buy", "amount": 0.2}, {"trade_seq": 453, "trade_id": "219188049", "timestamp": 1655344173953, "tick_direction": 2, "price": 0.0095, "mark_price": 0.0095162, "iv": 79.81, "instrument_name": "BTC-31MAR23-100000-C", "index_price": 22506.24, "direction": "sell", "amount": 1.0}, {"trade_seq": 452, "trade_id": "219174930", "timestamp": 1655337182886, "tick_direction": 2, "price": 0.0115, "mark_price": 0.00949506, "iv": 82.21, "instrument_name": "BTC-31MAR23-100000-C", "index_price": 22491.17, "direction": "buy", "amount": 3.0}, {"trade_seq": 451, "trade_id": "219123723", "timestamp": 1655320402361, "tick_direction": 1, "price": 0.0135, "mark_price": 0.01041331, "iv": 86.11, "instrument_name": "BTC-31MAR23-100000-C", "index_price": 21517.48, "direction": "sell", "amount": 6.8}, {"trade_seq": 450, "trade_id": "219123722", "timestamp": 1655320402354, "tick_direction": 1, "price": 0.0135, "mark_price": 0.01041331, "iv": 86.11, "instrument_name": "BTC-31MAR23-100000-C", "index_price": 21517.48, "direction": "sell", "amount": 15.0}, {"trade_seq": 449, "trade_id": "219123721", "timestamp": 1655320402345, "tick_direction": 1, "price": 0.0135, "mark_price": 0.01041331, "iv": 86.11, "instrument_name": "BTC-31MAR23-100000-C", "index_price": 21517.48, "direction": "sell", "amount": 25.2}, {"trade_seq": 448, "trade_id": "219123720", "timestamp": 1655320402342, "tick_direction": 1, "price": 0.0135, "mark_price": 0.01041331, "iv": 86.11, "instrument_name": "BTC-31MAR23-100000-C", "index_price": 21517.48, "direction": "buy", "amount": 3.0}, {"trade_seq": 447, "trade_id": "218980510", "timestamp": 1655296039554, "tick_direction": 0, "price": 0.0135, "mark_price": 0.01037976, "iv": 86.57, "instrument_name": "BTC-31MAR23-100000-C", "index_price": 21218.93, "direction": "buy", "amount": 10.0}, {"trade_seq": 446, "trade_id": "218863543", "timestamp": 1655276035359, "tick_direction": 2, "price": 0.01, "mark_price": 0.01057501, "iv": 82.54, "instrument_name": "BTC-31MAR23-100000-C", "index_price": 21309.83, "direction": "sell", "amount": 0.9}, {"trade_seq": 445, "trade_id": "218859371", "timestamp": 1655274342266, "tick_direction": 3, "price": 0.011, "mark_price": 0.0120533, "iv": 84.39, "instrument_name": "BTC-31MAR23-100000-C", "index_price": 20981.53, "direction": "sell", "amount": 7.0}, {"trade_seq": 444, "trade_id": "218859370", "timestamp": 1655274342266, "tick_direction": 2, "price": 0.011, "mark_price": 0.0120533, "iv": 84.39, "instrument_name": "BTC-31MAR23-100000-C", "index_price": 20981.53, "direction": "sell", "amount": 18.0}, {"trade_seq": 443, "trade_id": "218859123", "timestamp": 1655274269927, "tick_direction": 1, "price": 0.013, "mark_price": 0.01140864, "iv": 86.6, "instrument_name": "BTC-31MAR23-100000-C", "index_price": 20974.72, "direction": "sell", "amount": 26.2}, {"trade_seq": 442, "trade_id": "218859122", "timestamp": 1655274269926, "tick_direction": 1, "price": 0.013, "mark_price": 0.01140864, "iv": 86.6, "instrument_name": "BTC-31MAR23-100000-C", "index_price": 20974.72, "direction": "sell", "amount": 2.8}, {"trade_seq": 441, "trade_id": "218859121", "timestamp": 1655274269926, "tick_direction": 1, "price": 0.013, "mark_price": 0.01140864, "iv": 86.6, "instrument_name": "BTC-31MAR23-100000-C", "index_price": 20974.72, "direction": "sell", "amount": 1.0}, {"trade_seq": 440, "trade_id": "218859120", "timestamp": 1655274269925, "tick_direction": 1, "price": 0.013, "mark_price": 0.01140864, "iv": 86.6, "instrument_name": "BTC-31MAR23-100000-C", "index_price": 20974.72, "direction": "sell", "amount": 1.0}, {"trade_seq": 439, "trade_id": "218859119", "timestamp": 1655274269923, "tick_direction": 0, "price": 0.013, "mark_price": 0.01140864, "iv": 86.6, "instrument_name": "BTC-31MAR23-100000-C", "index_price": 20974.72, "direction": "buy", "amount": 19.0}, {"trade_seq": 438, "trade_id": "218805417", "timestamp": 1655256209225, "tick_direction": 2, "price": 0.01, "mark_price": 0.01043789, "iv": 81.22, "instrument_name": "BTC-31MAR23-100000-C", "index_price": 21898.9, "direction": "sell", "amount": 4.0}, {"trade_seq": 437, "trade_id": "218783338", "timestamp": 1655246375950, "tick_direction": 0, "price": 0.011, "mark_price": 0.00920145, "iv": 83.22, "instrument_name": "BTC-31MAR23-100000-C", "index_price": 21467.65, "direction": "buy", "amount": 1.0}, {"trade_seq": 436, "trade_id": "218765979", "timestamp": 1655239734125, "tick_direction": 1, "price": 0.0095, "mark_price": 0.00925994, "iv": 80.66, "instrument_name": "BTC-31MAR23-100000-C", "index_price": 21826.17, "direction": "sell", "amount": 3.5}, {"trade_seq": 435, "trade_id": "218566206", "timestamp": 1655201319732, "tick_direction": 1, "price": 0.0095, "mark_price": 0.00968578, "iv": 79.75, "instrument_name": "BTC-31MAR23-100000-C", "index_price": 22282.7, "direction": "sell", "amount": 1.0}, {"trade_seq": 434, "trade_id": "218425638", "timestamp": 1655173451065, "tick_direction": 0, "price": 0.0095, "mark_price": 0.00968137, "iv": 81.63, "instrument_name": "BTC-31MAR23-100000-C", "index_price": 21254.99, "direction": "sell", "amount": 10.0}, {"trade_seq": 433, "trade_id": "218392503", "timestamp": 1655170768194, "tick_direction": 3, "price": 0.0085, "mark_price": 0.00887884, "iv": 80.67, "instrument_name": "BTC-31MAR23-100000-C", "index_price": 21049.53, "direction": "sell", "amount": 1.0}, {"trade_seq": 432, "trade_id": "218366867", "timestamp": 1655168936937, "tick_direction": 2, "price": 0.0085, "mark_price": 0.00891224, "iv": 79.63, "instrument_name": "BTC-31MAR23-100000-C", "index_price": 21581.31, "direction": "sell", "amount": 1.0}, {"trade_seq": 431, "trade_id": "218336352", "timestamp": 1655164617664, "tick_direction": 1, "price": 0.01, "mark_price": 0.00914505, "iv": 79.92, "instrument_name": "BTC-31MAR23-100000-C", "index_price": 22439.12, "direction": "sell", "amount": 5.0}, {"trade_seq": 430, "trade_id": "218296802", "timestamp": 1655156802879, "tick_direction": 0, "price": 0.01, "mark_price": 0.00889431, "iv": 78.94, "instrument_name": "BTC-31MAR23-100000-C", "index_price": 22956.56, "direction": "sell", "amount": 0.1}, {"trade_seq": 429, "trade_id": "218248275", "timestamp": 1655141644325, "tick_direction": 3, "price": 0.009, "mark_price": 0.00963211, "iv": 77.12, "instrument_name": "BTC-31MAR23-100000-C", "index_price": 23281.73, "direction": "sell", "amount": 1.8}, {"trade_seq": 428, "trade_id": "218246743", "timestamp": 1655141068597, "tick_direction": 3, "price": 0.009, "mark_price": 0.00985089, "iv": 76.87, "instrument_name": "BTC-31MAR23-100000-C", "index_price": 23426.59, "direction": "sell", "amount": 0.1}, {"trade_seq": 427, "trade_id": "218246742", "timestamp": 1655141068562, "tick_direction": 3, "price": 0.009, "mark_price": 0.00985089, "iv": 76.87, "instrument_name": "BTC-31MAR23-100000-C", "index_price": 23426.59, "direction": "sell", "amount": 3.1}, {"trade_seq": 426, "trade_id": "218177162", "timestamp": 1655131716884, "tick_direction": 3, "price": 0.009, "mark_price": 0.00859672, "iv": 77.83, "instrument_name": "BTC-31MAR23-100000-C", "index_price": 22914.3, "direction": "sell", "amount": 1.0}, {"trade_seq": 425, "trade_id": "218177161", "timestamp": 1655131716884, "tick_direction": 2, "price": 0.009, "mark_price": 0.00859672, "iv": 77.83, "instrument_name": "BTC-31MAR23-100000-C", "index_price": 22914.3, "direction": "sell", "amount": 0.2}, {"trade_seq": 424, "trade_id": "218150844", "timestamp": 1655128211485, "tick_direction": 3, "price": 0.0105, "mark_price": 0.01049358, "iv": 78.38, "instrument_name": "BTC-31MAR23-100000-C", "index_price": 23572.08, "direction": "sell", "amount": 0.9}, {"trade_seq": 423, "trade_id": "218124481", "timestamp": 1655125647239, "tick_direction": 3, "price": 0.0105, "mark_price": 0.00996358, "iv": 78.32, "instrument_name": "BTC-31MAR23-100000-C", "index_price": 23571.04, "direction": "buy", "amount": 4.3}, {"trade_seq": 422, "trade_id": "218124479", "timestamp": 1655125647229, "tick_direction": 3, "price": 0.0105, "mark_price": 0.00996358, "iv": 78.32, "instrument_name": "BTC-31MAR23-100000-C", "index_price": 23571.04, "direction": "buy", "amount": 0.1}, {"trade_seq": 421, "trade_id": "218124478", "timestamp": 1655125647224, "tick_direction": 2, "price": 0.0105, "mark_price": 0.00996358, "iv": 78.32, "instrument_name": "BTC-31MAR23-100000-C", "index_price": 23571.04, "direction": "buy", "amount": 14.3}, {"trade_seq": 420, "trade_id": "217969619", "timestamp": 1655099137551, "tick_direction": 0, "price": 0.012, "mark_price": 0.0109821, "iv": 76.8, "instrument_name": "BTC-31MAR23-100000-C", "index_price": 25489.73, "direction": "sell", "amount": 1.0}, {"trade_seq": 419, "trade_id": "217870131", "timestamp": 1655080907324, "tick_direction": 2, "price": 0.0095, "mark_price": 0.01048419, "iv": 72.05, "instrument_name": "BTC-31MAR23-100000-C", "index_price": 26639.12, "direction": "sell", "amount": 1.0}, {"trade_seq": 418, "trade_id": "217691216", "timestamp": 1655002278492, "tick_direction": 2, "price": 0.01, "mark_price": 0.01114693, "iv": 71.09, "instrument_name": "BTC-31MAR23-100000-C", "index_price": 27534.31, "direction": "sell", "amount": 2.8}, {"trade_seq": 417, "trade_id": "217508373", "timestamp": 1654887681135, "tick_direction": 3, "price": 0.011, "mark_price": 0.01146016, "iv": 69.65, "instrument_name": "BTC-31MAR23-100000-C", "index_price": 29011.71, "direction": "buy", "amount": 1.0}, {"trade_seq": 416, "trade_id": "217449941", "timestamp": 1654869415166, "tick_direction": 3, "price": 0.011, "mark_price": 0.01204538, "iv": 69.18, "instrument_name": "BTC-31MAR23-100000-C", "index_price": 29346.24, "direction": "sell", "amount": 3.0}, {"trade_seq": 415, "trade_id": "217449940", "timestamp": 1654869415166, "tick_direction": 2, "price": 0.011, "mark_price": 0.01204538, "iv": 69.18, "instrument_name": "BTC-31MAR23-100000-C", "index_price": 29346.24, "direction": "sell", "amount": 10.0}, {"trade_seq": 414, "trade_id": "217449900", "timestamp": 1654869395620, "tick_direction": 1, "price": 0.0115, "mark_price": 0.01202852, "iv": 69.71, "instrument_name": "BTC-31MAR23-100000-C", "index_price": 29336.01, "direction": "sell", "amount": 3.0}, {"trade_seq": 413, "trade_id": "217449801", "timestamp": 1654869368432, "tick_direction": 1, "price": 0.0115, "mark_price": 0.01205478, "iv": 69.67, "instrument_name": "BTC-31MAR23-100000-C", "index_price": 29351.13, "direction": "buy", "amount": 1.5}, {"trade_seq": 412, "trade_id": "217449800", "timestamp": 1654869368414, "tick_direction": 1, "price": 0.0115, "mark_price": 0.01205478, "iv": 69.67, "instrument_name": "BTC-31MAR23-100000-C", "index_price": 29351.13, "direction": "sell", "amount": 2.5}, {"trade_seq": 411, "trade_id": "217449728", "timestamp": 1654869361222, "tick_direction": 0, "price": 0.0115, "mark_price": 0.01204003, "iv": 69.67, "instrument_name": "BTC-31MAR23-100000-C", "index_price": 29357.16, "direction": "sell", "amount": 5.0}, {"trade_seq": 410, "trade_id": "217425937", "timestamp": 1654865298562, "tick_direction": 3, "price": 0.01, "mark_price": 0.01144531, "iv": 67.53, "instrument_name": "BTC-31MAR23-100000-C", "index_price": 29711.81, "direction": "sell", "amount": 7.5}, {"trade_seq": 409, "trade_id": "217425936", "timestamp": 1654865298562, "tick_direction": 3, "price": 0.01, "mark_price": 0.01144531, "iv": 67.53, "instrument_name": "BTC-31MAR23-100000-C", "index_price": 29711.81, "direction": "sell", "amount": 1.0}, {"trade_seq": 408, "trade_id": "217425935", "timestamp": 1654865298562, "tick_direction": 3, "price": 0.01, "mark_price": 0.01144531, "iv": 67.53, "instrument_name": "BTC-31MAR23-100000-C", "index_price": 29711.81, "direction": "sell", "amount": 1.0}, {"trade_seq": 407, "trade_id": "217425934", "timestamp": 1654865298562, "tick_direction": 3, "price": 0.01, "mark_price": 0.01144531, "iv": 67.53, "instrument_name": "BTC-31MAR23-100000-C", "index_price": 29711.81, "direction": "sell", "amount": 1.0}, {"trade_seq": 406, "trade_id": "217425933", "timestamp": 1654865298562, "tick_direction": 2, "price": 0.01, "mark_price": 0.01144531, "iv": 67.53, "instrument_name": "BTC-31MAR23-100000-C", "index_price": 29711.81, "direction": "sell", "amount": 0.5}, {"trade_seq": 405, "trade_id": "217239682", "timestamp": 1654724600275, "tick_direction": 0, "price": 0.0135, "mark_price": 0.01163393, "iv": 70.05, "instrument_name": "BTC-31MAR23-100000-C", "index_price": 30293.34, "direction": "buy", "amount": 0.1}, {"trade_seq": 404, "trade_id": "217217090", "timestamp": 1654699038557, "tick_direction": 0, "price": 0.013, "mark_price": 0.01263739, "iv": 69.14, "instrument_name": "BTC-31MAR23-100000-C", "index_price": 30525.81, "direction": "sell", "amount": 5.0}, {"trade_seq": 403, "trade_id": "217022281", "timestamp": 1654593802525, "tick_direction": 2, "price": 0.011, "mark_price": 0.0119216, "iv": 68.45, "instrument_name": "BTC-31MAR23-100000-C", "index_price": 29546.87, "direction": "sell", "amount": 2.0}, {"trade_seq": 402, "trade_id": "217016702", "timestamp": 1654587788205, "tick_direction": 1, "price": 0.0125, "mark_price": 0.01197042, "iv": 69.93, "instrument_name": "BTC-31MAR23-100000-C", "index_price": 29553.22, "direction": "sell", "amount": 0.5}, {"trade_seq": 401, "trade_id": "217016701", "timestamp": 1654587788202, "tick_direction": 0, "price": 0.0125, "mark_price": 0.01197042, "iv": 69.93, "instrument_name": "BTC-31MAR23-100000-C", "index_price": 29553.22, "direction": "buy", "amount": 1.0}, {"trade_seq": 400, "trade_id": "216802806", "timestamp": 1654442281103, "tick_direction": 0, "price": 0.012, "mark_price": 0.01244533, "iv": 68.94, "instrument_name": "BTC-31MAR23-100000-C", "index_price": 29770.21, "direction": "buy", "amount": 2.0}, {"trade_seq": 399, "trade_id": "216802797", "timestamp": 1654442123903, "tick_direction": 0, "price": 0.0115, "mark_price": 0.01245991, "iv": 68.42, "instrument_name": "BTC-31MAR23-100000-C", "index_price": 29783.74, "direction": "buy", "amount": 1.0}, {"trade_seq": 398, "trade_id": "216785050", "timestamp": 1654402172175, "tick_direction": 3, "price": 0.011, "mark_price": 0.01208398, "iv": 67.96, "instrument_name": "BTC-31MAR23-100000-C", "index_price": 29694.86, "direction": "sell", "amount": 1.0}, {"trade_seq": 397, "trade_id": "216785049", "timestamp": 1654402172175, "tick_direction": 3, "price": 0.011, "mark_price": 0.01208398, "iv": 67.96, "instrument_name": "BTC-31MAR23-100000-C", "index_price": 29694.86, "direction": "sell", "amount": 1.0}, {"trade_seq": 396, "trade_id": "216753999", "timestamp": 1654330399807, "tick_direction": 3, "price": 0.011, "mark_price": 0.0113496, "iv": 67.86, "instrument_name": "BTC-31MAR23-100000-C", "index_price": 29661.81, "direction": "sell", "amount": 1.0}, {"trade_seq": 395, "trade_id": "216716228", "timestamp": 1654265653893, "tick_direction": 3, "price": 0.011, "mark_price": 0.01187431, "iv": 67.79, "instrument_name": "BTC-31MAR23-100000-C", "index_price": 29631.83, "direction": "sell", "amount": 7.5}, {"trade_seq": 394, "trade_id": "216716227", "timestamp": 1654265653893, "tick_direction": 3, "price": 0.011, "mark_price": 0.01187431, "iv": 67.79, "instrument_name": "BTC-31MAR23-100000-C", "index_price": 29631.83, "direction": "sell", "amount": 0.5}, {"trade_seq": 393, "trade_id": "216716226", "timestamp": 1654265653893, "tick_direction": 2, "price": 0.011, "mark_price": 0.01187431, "iv": 67.79, "instrument_name": "BTC-31MAR23-100000-C", "index_price": 29631.83, "direction": "sell", "amount": 0.5}, {"trade_seq": 392, "trade_id": "216611738", "timestamp": 1654186694952, "tick_direction": 0, "price": 0.013, "mark_price": 0.01173951, "iv": 68.62, "instrument_name": "BTC-31MAR23-100000-C", "index_price": 30362.89, "direction": "buy", "amount": 0.1}, {"trade_seq": 391, "trade_id": "216584666", "timestamp": 1654176893795, "tick_direction": 3, "price": 0.0105, "mark_price": 0.01160571, "iv": 67.02, "instrument_name": "BTC-31MAR23-100000-C", "index_price": 29772.69, "direction": "sell", "amount": 0.1}, {"trade_seq": 390, "trade_id": "216584665", "timestamp": 1654176893795, "tick_direction": 2, "price": 0.0105, "mark_price": 0.01160571, "iv": 67.02, "instrument_name": "BTC-31MAR23-100000-C", "index_price": 29772.69, "direction": "sell", "amount": 5.0}, {"trade_seq": 389, "trade_id": "216565515", "timestamp": 1654160302073, "tick_direction": 2, "price": 0.011, "mark_price": 0.01186029, "iv": 67.19, "instrument_name": "BTC-31MAR23-100000-C", "index_price": 29935.84, "direction": "sell", "amount": 7.5}, {"trade_seq": 388, "trade_id": "216542552", "timestamp": 1654132002349, "tick_direction": 2, "price": 0.0125, "mark_price": 0.01206511, "iv": 68.95, "instrument_name": "BTC-31MAR23-100000-C", "index_price": 29720.15, "direction": "sell", "amount": 1.0}, {"trade_seq": 387, "trade_id": "216536495", "timestamp": 1654126246766, "tick_direction": 2, "price": 0.013, "mark_price": 0.01244937, "iv": 69.19, "instrument_name": "BTC-31MAR23-100000-C", "index_price": 29870.06, "direction": "sell", "amount": 0.1}, {"trade_seq": 386, "trade_id": "216499300", "timestamp": 1654106420521, "tick_direction": 0, "price": 0.0135, "mark_price": 0.01285697, "iv": 69.29, "instrument_name": "BTC-31MAR23-100000-C", "index_price": 30146.34, "direction": "sell", "amount": 0.1}, {"trade_seq": 385, "trade_id": "216488076", "timestamp": 1654102701469, "tick_direction": 2, "price": 0.013, "mark_price": 0.01365603, "iv": 68.52, "instrument_name": "BTC-31MAR23-100000-C", "index_price": 30406.88, "direction": "sell", "amount": 7.5}, {"trade_seq": 384, "trade_id": "216486744", "timestamp": 1654102317311, "tick_direction": 2, "price": 0.0135, "mark_price": 0.01367283, "iv": 69.02, "instrument_name": "BTC-31MAR23-100000-C", "index_price": 30321.43, "direction": "buy", "amount": 7.5}, {"trade_seq": 383, "trade_id": "216478284", "timestamp": 1654099949763, "tick_direction": 1, "price": 0.0145, "mark_price": 0.01409828, "iv": 69.49, "instrument_name": "BTC-31MAR23-100000-C", "index_price": 30607.07, "direction": "sell", "amount": 0.1}, {"trade_seq": 382, "trade_id": "216477643", "timestamp": 1654099820158, "tick_direction": 0, "price": 0.0145, "mark_price": 0.014067, "iv": 69.52, "instrument_name": "BTC-31MAR23-100000-C", "index_price": 30585.17, "direction": "sell", "amount": 1.6}, {"trade_seq": 381, "trade_id": "216448146", "timestamp": 1654091491439, "tick_direction": 2, "price": 0.013, "mark_price": 0.01418029, "iv": 66.72, "instrument_name": "BTC-31MAR23-100000-C", "index_price": 31634.48, "direction": "sell", "amount": 7.5}, {"trade_seq": 380, "trade_id": "216439874", "timestamp": 1654085298595, "tick_direction": 1, "price": 0.015, "mark_price": 0.01414256, "iv": 68.6, "instrument_name": "BTC-31MAR23-100000-C", "index_price": 31546.61, "direction": "sell", "amount": 1.0}, {"trade_seq": 379, "trade_id": "216439715", "timestamp": 1654085221761, "tick_direction": 1, "price": 0.015, "mark_price": 0.0141666, "iv": 68.55, "instrument_name": "BTC-31MAR23-100000-C", "index_price": 31599.93, "direction": "sell", "amount": 1.0}, {"trade_seq": 378, "trade_id": "216431338", "timestamp": 1654073839221, "tick_direction": 0, "price": 0.015, "mark_price": 0.01413086, "iv": 68.52, "instrument_name": "BTC-31MAR23-100000-C", "index_price": 31600.68, "direction": "buy", "amount": 1.0}, {"trade_seq": 377, "trade_id": "216355158", "timestamp": 1654004681379, "tick_direction": 3, "price": 0.014, "mark_price": 0.0140289, "iv": 67.92, "instrument_name": "BTC-31MAR23-100000-C", "index_price": 31297.53, "direction": "buy", "amount": 1.0}, {"trade_seq": 376, "trade_id": "216344159", "timestamp": 1654003754332, "tick_direction": 2, "price": 0.014, "mark_price": 0.01469201, "iv": 67.33, "instrument_name": "BTC-31MAR23-100000-C", "index_price": 31771.61, "direction": "sell", "amount": 1.0}, {"trade_seq": 375, "trade_id": "216332212", "timestamp": 1653996948649, "tick_direction": 0, "price": 0.016, "mark_price": 0.01478813, "iv": 68.97, "instrument_name": "BTC-31MAR23-100000-C", "index_price": 31793.21, "direction": "buy", "amount": 0.1}, {"trade_seq": 374, "trade_id": "216172113", "timestamp": 1653927028244, "tick_direction": 2, "price": 0.0145, "mark_price": 0.01454468, "iv": 69.3, "instrument_name": "BTC-31MAR23-100000-C", "index_price": 30601.89, "direction": "sell", "amount": 1.0}, {"trade_seq": 373, "trade_id": "216164543", "timestamp": 1653921367097, "tick_direction": 0, "price": 0.0155, "mark_price": 0.01455422, "iv": 70.13, "instrument_name": "BTC-31MAR23-100000-C", "index_price": 30571.46, "direction": "sell", "amount": 5.0}, {"trade_seq": 372, "trade_id": "216110056", "timestamp": 1653889448965, "tick_direction": 3, "price": 0.015, "mark_price": 0.01504119, "iv": 70.15, "instrument_name": "BTC-31MAR23-100000-C", "index_price": 30310.99, "direction": "sell", "amount": 1.0}, {"trade_seq": 371, "trade_id": "216110055", "timestamp": 1653889448965, "tick_direction": 2, "price": 0.015, "mark_price": 0.01504119, "iv": 70.15, "instrument_name": "BTC-31MAR23-100000-C", "index_price": 30310.99, "direction": "sell", "amount": 1.0}, {"trade_seq": 370, "trade_id": "216045093", "timestamp": 1653836577427, "tick_direction": 0, "price": 0.017, "mark_price": 0.0148112, "iv": 73.33, "instrument_name": "BTC-31MAR23-100000-C", "index_price": 29178.56, "direction": "buy", "amount": 1.0}, {"trade_seq": 369, "trade_id": "216041930", "timestamp": 1653832326996, "tick_direction": 0, "price": 0.0155, "mark_price": 0.01478466, "iv": 71.91, "instrument_name": "BTC-31MAR23-100000-C", "index_price": 29322.48, "direction": "sell", "amount": 1.0}, {"trade_seq": 368, "trade_id": "216041501", "timestamp": 1653831601374, "tick_direction": 1, "price": 0.015, "mark_price": 0.01496257, "iv": 71.44, "instrument_name": "BTC-31MAR23-100000-C", "index_price": 29352.87, "direction": "sell", "amount": 1.0}, {"trade_seq": 367, "trade_id": "216041474", "timestamp": 1653831525672, "tick_direction": 1, "price": 0.015, "mark_price": 0.01497152, "iv": 71.44, "instrument_name": "BTC-31MAR23-100000-C", "index_price": 29348.83, "direction": "sell", "amount": 1.0}, {"trade_seq": 366, "trade_id": "216041019", "timestamp": 1653830779099, "tick_direction": 1, "price": 0.015, "mark_price": 0.01513283, "iv": 71.51, "instrument_name": "BTC-31MAR23-100000-C", "index_price": 29320.04, "direction": "sell", "amount": 1.0}, {"trade_seq": 365, "trade_id": "216041018", "timestamp": 1653830772911, "tick_direction": 1, "price": 0.015, "mark_price": 0.01512863, "iv": 71.51, "instrument_name": "BTC-31MAR23-100000-C", "index_price": 29321.77, "direction": "sell", "amount": 0.8}, {"trade_seq": 364, "trade_id": "216041017", "timestamp": 1653830772908, "tick_direction": 0, "price": 0.015, "mark_price": 0.01512863, "iv": 71.51, "instrument_name": "BTC-31MAR23-100000-C", "index_price": 29321.77, "direction": "buy", "amount": 0.2}, {"trade_seq": 363, "trade_id": "216011877", "timestamp": 1653789279490, "tick_direction": 0, "price": 0.013, "mark_price": 0.01369912, "iv": 70.24, "instrument_name": "BTC-31MAR23-100000-C", "index_price": 28901.51, "direction": "sell", "amount": 0.5}, {"trade_seq": 362, "trade_id": "215980902", "timestamp": 1653726845300, "tick_direction": 2, "price": 0.0125, "mark_price": 0.01423963, "iv": 69.91, "instrument_name": "BTC-31MAR23-100000-C", "index_price": 28764.01, "direction": "sell", "amount": 9.0}, {"trade_seq": 361, "trade_id": "215980901", "timestamp": 1653726845300, "tick_direction": 2, "price": 0.013, "mark_price": 0.01423963, "iv": 70.38, "instrument_name": "BTC-31MAR23-100000-C", "index_price": 28764.01, "direction": "sell", "amount": 1.0}, {"trade_seq": 360, "trade_id": "215930344", "timestamp": 1653673796944, "tick_direction": 2, "price": 0.014, "mark_price": 0.01457871, "iv": 71.83, "instrument_name": "BTC-31MAR23-100000-C", "index_price": 28397.55, "direction": "sell", "amount": 1.0}, {"trade_seq": 359, "trade_id": "215825746", "timestamp": 1653617912728, "tick_direction": 2, "price": 0.0155, "mark_price": 0.01469575, "iv": 72.39, "instrument_name": "BTC-31MAR23-100000-C", "index_price": 28880.34, "direction": "sell", "amount": 0.1}, {"trade_seq": 358, "trade_id": "215718067", "timestamp": 1653570810471, "tick_direction": 2, "price": 0.016, "mark_price": 0.01486146, "iv": 73.03, "instrument_name": "BTC-31MAR23-100000-C", "index_price": 28752.24, "direction": "buy", "amount": 0.8}, {"trade_seq": 357, "trade_id": "215718061", "timestamp": 1653570806850, "tick_direction": 0, "price": 0.0165, "mark_price": 0.01486355, "iv": 73.43, "instrument_name": "BTC-31MAR23-100000-C", "index_price": 28754.57, "direction": "buy", "amount": 0.8}, {"trade_seq": 356, "trade_id": "215718048", "timestamp": 1653570802960, "tick_direction": 0, "price": 0.016, "mark_price": 0.01484367, "iv": 73.03, "instrument_name": "BTC-31MAR23-100000-C", "index_price": 28748.82, "direction": "buy", "amount": 0.8}, {"trade_seq": 355, "trade_id": "215600454", "timestamp": 1653478612135, "tick_direction": 0, "price": 0.015, "mark_price": 0.01490824, "iv": 71.01, "instrument_name": "BTC-31MAR23-100000-C", "index_price": 29374.62, "direction": "sell", "amount": 0.5}, {"trade_seq": 354, "trade_id": "215464244", "timestamp": 1653359485312, "tick_direction": 2, "price": 0.0145, "mark_price": 0.01477449, "iv": 70.7, "instrument_name": "BTC-31MAR23-100000-C", "index_price": 29193.12, "direction": "sell", "amount": 3.0}, {"trade_seq": 353, "trade_id": "215459891", "timestamp": 1653354095479, "tick_direction": 3, "price": 0.015, "mark_price": 0.01526748, "iv": 71.21, "instrument_name": "BTC-31MAR23-100000-C", "index_price": 29108.13, "direction": "sell", "amount": 3.0}, {"trade_seq": 352, "trade_id": "215431286", "timestamp": 1653333983590, "tick_direction": 2, "price": 0.015, "mark_price": 0.01576634, "iv": 71.06, "instrument_name": "BTC-31MAR23-100000-C", "index_price": 29168.59, "direction": "sell", "amount": 9.2}, {"trade_seq": 351, "trade_id": "215380011", "timestamp": 1653306929573, "tick_direction": 3, "price": 0.0155, "mark_price": 0.01629878, "iv": 69.67, "instrument_name": "BTC-31MAR23-100000-C", "index_price": 30364.23, "direction": "buy", "amount": 6.5}, {"trade_seq": 350, "trade_id": "215380010", "timestamp": 1653306929559, "tick_direction": 3, "price": 0.0155, "mark_price": 0.01629878, "iv": 69.67, "instrument_name": "BTC-31MAR23-100000-C", "index_price": 30364.23, "direction": "sell", "amount": 6.0}, {"trade_seq": 349, "trade_id": "215380009", "timestamp": 1653306929559, "tick_direction": 2, "price": 0.0155, "mark_price": 0.01629878, "iv": 69.67, "instrument_name": "BTC-31MAR23-100000-C", "index_price": 30364.23, "direction": "sell", "amount": 7.5}, {"trade_seq": 348, "trade_id": "215374657", "timestamp": 1653300884756, "tick_direction": 0, "price": 0.0165, "mark_price": 0.01633772, "iv": 70.34, "instrument_name": "BTC-31MAR23-100000-C", "index_price": 30483.74, "direction": "buy", "amount": 1.0}, {"trade_seq": 347, "trade_id": "215371106", "timestamp": 1653297568719, "tick_direction": 0, "price": 0.0155, "mark_price": 0.01625461, "iv": 69.8, "instrument_name": "BTC-31MAR23-100000-C", "index_price": 30301.75, "direction": "sell", "amount": 1.0}, {"trade_seq": 346, "trade_id": "215362373", "timestamp": 1653289309742, "tick_direction": 3, "price": 0.015, "mark_price": 0.01619249, "iv": 69.15, "instrument_name": "BTC-31MAR23-100000-C", "index_price": 30476.16, "direction": "sell", "amount": 0.8}, {"trade_seq": 345, "trade_id": "215362372", "timestamp": 1653289309742, "tick_direction": 2, "price": 0.015, "mark_price": 0.01619249, "iv": 69.15, "instrument_name": "BTC-31MAR23-100000-C", "index_price": 30476.16, "direction": "sell", "amount": 0.2}, {"trade_seq": 344, "trade_id": "215337657", "timestamp": 1653257087476, "tick_direction": 1, "price": 0.0165, "mark_price": 0.01665047, "iv": 70.79, "instrument_name": "BTC-31MAR23-100000-C", "index_price": 30168.85, "direction": "sell", "amount": 1.0}, {"trade_seq": 343, "trade_id": "215337651", "timestamp": 1653257077994, "tick_direction": 1, "price": 0.0165, "mark_price": 0.01666791, "iv": 70.78, "instrument_name": "BTC-31MAR23-100000-C", "index_price": 30168.93, "direction": "sell", "amount": 1.0}, {"trade_seq": 342, "trade_id": "215337649", "timestamp": 1653257073703, "tick_direction": 1, "price": 0.0165, "mark_price": 0.0166598, "iv": 70.79, "instrument_name": "BTC-31MAR23-100000-C", "index_price": 30168.54, "direction": "sell", "amount": 1.0}, {"trade_seq": 341, "trade_id": "215327298", "timestamp": 1653242184682, "tick_direction": 0, "price": 0.0165, "mark_price": 0.01669023, "iv": 71.1, "instrument_name": "BTC-31MAR23-100000-C", "index_price": 29907.8, "direction": "buy", "amount": 1.0}, {"trade_seq": 340, "trade_id": "215290413", "timestamp": 1653212989350, "tick_direction": 1, "price": 0.0155, "mark_price": 0.01642039, "iv": 70.32, "instrument_name": "BTC-31MAR23-100000-C", "index_price": 29871.27, "direction": "buy", "amount": 0.5}, {"trade_seq": 339, "trade_id": "215290412", "timestamp": 1653212989346, "tick_direction": 0, "price": 0.0155, "mark_price": 0.01642039, "iv": 70.32, "instrument_name": "BTC-31MAR23-100000-C", "index_price": 29871.27, "direction": "sell", "amount": 0.5}, {"trade_seq": 338, "trade_id": "215242989", "timestamp": 1653131790520, "tick_direction": 2, "price": 0.015, "mark_price": 0.01613431, "iv": 70.74, "instrument_name": "BTC-31MAR23-100000-C", "index_price": 29225.55, "direction": "sell", "amount": 1.0}, {"trade_seq": 337, "trade_id": "215222516", "timestamp": 1653102439649, "tick_direction": 3, "price": 0.0155, "mark_price": 0.01573327, "iv": 71.15, "instrument_name": "BTC-31MAR23-100000-C", "index_price": 29169.02, "direction": "buy", "amount": 1.0}, {"trade_seq": 336, "trade_id": "215222515", "timestamp": 1653102436653, "tick_direction": 2, "price": 0.0155, "mark_price": 0.01573328, "iv": 71.15, "instrument_name": "BTC-31MAR23-100000-C", "index_price": 29169.26, "direction": "buy", "amount": 1.0}, {"trade_seq": 335, "trade_id": "215146086", "timestamp": 1653054470080, "tick_direction": 1, "price": 0.017, "mark_price": 0.01666277, "iv": 70.62, "instrument_name": "BTC-31MAR23-100000-C", "index_price": 30304.24, "direction": "sell", "amount": 0.5}, {"trade_seq": 334, "trade_id": "215136193", "timestamp": 1653048032018, "tick_direction": 0, "price": 0.017, "mark_price": 0.01683962, "iv": 70.48, "instrument_name": "BTC-31MAR23-100000-C", "index_price": 30372.91, "direction": "sell", "amount": 0.5}, {"trade_seq": 333, "trade_id": "215086159", "timestamp": 1653011811167, "tick_direction": 3, "price": 0.016, "mark_price": 0.01743215, "iv": 69.64, "instrument_name": "BTC-31MAR23-100000-C", "index_price": 30409.15, "direction": "sell", "amount": 0.5}, {"trade_seq": 332, "trade_id": "215086158", "timestamp": 1653011811167, "tick_direction": 2, "price": 0.016, "mark_price": 0.01743215, "iv": 69.64, "instrument_name": "BTC-31MAR23-100000-C", "index_price": 30409.15, "direction": "sell", "amount": 19.0}, {"trade_seq": 331, "trade_id": "215069203", "timestamp": 1652998313840, "tick_direction": 1, "price": 0.019, "mark_price": 0.01912692, "iv": 72.22, "instrument_name": "BTC-31MAR23-100000-C", "index_price": 30155.27, "direction": "sell", "amount": 1.0}, {"trade_seq": 330, "trade_id": "215069189", "timestamp": 1652998307437, "tick_direction": 1, "price": 0.019, "mark_price": 0.01913231, "iv": 72.21, "instrument_name": "BTC-31MAR23-100000-C", "index_price": 30159.05, "direction": "sell", "amount": 1.0}, {"trade_seq": 329, "trade_id": "215069188", "timestamp": 1652998304346, "tick_direction": 1, "price": 0.019, "mark_price": 0.01913301, "iv": 72.21, "instrument_name": "BTC-31MAR23-100000-C", "index_price": 30158.34, "direction": "sell", "amount": 1.0}, {"trade_seq": 328, "trade_id": "215069171", "timestamp": 1652998258163, "tick_direction": 1, "price": 0.019, "mark_price": 0.01913418, "iv": 72.21, "instrument_name": "BTC-31MAR23-100000-C", "index_price": 30163.59, "direction": "sell", "amount": 1.0}, {"trade_seq": 327, "trade_id": "215069167", "timestamp": 1652998255761, "tick_direction": 1, "price": 0.019, "mark_price": 0.01913445, "iv": 72.21, "instrument_name": "BTC-31MAR23-100000-C", "index_price": 30160.4, "direction": "sell", "amount": 1.0}, {"trade_seq": 326, "trade_id": "215069166", "timestamp": 1652998253292, "tick_direction": 1, "price": 0.019, "mark_price": 0.0191325, "iv": 72.21, "instrument_name": "BTC-31MAR23-100000-C", "index_price": 30160.43, "direction": "sell", "amount": 1.0}, {"trade_seq": 325, "trade_id": "215069165", "timestamp": 1652998251467, "tick_direction": 1, "price": 0.019, "mark_price": 0.01913239, "iv": 72.21, "instrument_name": "BTC-31MAR23-100000-C", "index_price": 30159.35, "direction": "sell", "amount": 1.0}, {"trade_seq": 324, "trade_id": "215069164", "timestamp": 1652998249511, "tick_direction": 1, "price": 0.019, "mark_price": 0.01913051, "iv": 72.21, "instrument_name": "BTC-31MAR23-100000-C", "index_price": 30159.33, "direction": "sell", "amount": 1.0}, {"trade_seq": 323, "trade_id": "215069163", "timestamp": 1652998247402, "tick_direction": 1, "price": 0.019, "mark_price": 0.01912996, "iv": 72.21, "instrument_name": "BTC-31MAR23-100000-C", "index_price": 30158.44, "direction": "sell", "amount": 1.0}, {"trade_seq": 322, "trade_id": "215069162", "timestamp": 1652998244971, "tick_direction": 0, "price": 0.019, "mark_price": 0.01912909, "iv": 72.21, "instrument_name": "BTC-31MAR23-100000-C", "index_price": 30157.91, "direction": "sell", "amount": 1.0}, {"trade_seq": 321, "trade_id": "215065987", "timestamp": 1652994837911, "tick_direction": 0, "price": 0.0185, "mark_price": 0.01865196, "iv": 71.65, "instrument_name": "BTC-31MAR23-100000-C", "index_price": 30349.49, "direction": "buy", "amount": 5.0}, {"trade_seq": 320, "trade_id": "214995135", "timestamp": 1652963362657, "tick_direction": 0, "price": 0.0165, "mark_price": 0.01628471, "iv": 71.28, "instrument_name": "BTC-31MAR23-100000-C", "index_price": 29542.06, "direction": "sell", "amount": 2.4}, {"trade_seq": 319, "trade_id": "214993824", "timestamp": 1652962984639, "tick_direction": 2, "price": 0.016, "mark_price": 0.01620135, "iv": 71.0, "instrument_name": "BTC-31MAR23-100000-C", "index_price": 29481.46, "direction": "sell", "amount": 0.1}, {"trade_seq": 318, "trade_id": "214975773", "timestamp": 1652952438786, "tick_direction": 0, "price": 0.0165, "mark_price": 0.01625261, "iv": 72.16, "instrument_name": "BTC-31MAR23-100000-C", "index_price": 28912.97, "direction": "buy", "amount": 1.0}, {"trade_seq": 317, "trade_id": "214966372", "timestamp": 1652946349860, "tick_direction": 3, "price": 0.016, "mark_price": 0.01674667, "iv": 71.48, "instrument_name": "BTC-31MAR23-100000-C", "index_price": 29117.79, "direction": "sell", "amount": 0.2}, {"trade_seq": 316, "trade_id": "214966371", "timestamp": 1652946349860, "tick_direction": 2, "price": 0.016, "mark_price": 0.01674667, "iv": 71.48, "instrument_name": "BTC-31MAR23-100000-C", "index_price": 29117.79, "direction": "sell", "amount": 3.0}, {"trade_seq": 315, "trade_id": "214786167", "timestamp": 1652829774464, "tick_direction": 2, "price": 0.017, "mark_price": 0.01820973, "iv": 70.02, "instrument_name": "BTC-31MAR23-100000-C", "index_price": 30489.58, "direction": "sell", "amount": 3.0}, {"trade_seq": 314, "trade_id": "214785867", "timestamp": 1652829260686, "tick_direction": 1, "price": 0.0185, "mark_price": 0.01886638, "iv": 71.19, "instrument_name": "BTC-31MAR23-100000-C", "index_price": 30443.78, "direction": "buy", "amount": 2.0}, {"trade_seq": 313, "trade_id": "214785866", "timestamp": 1652829260686, "tick_direction": 0, "price": 0.0185, "mark_price": 0.01886638, "iv": 71.19, "instrument_name": "BTC-31MAR23-100000-C", "index_price": 30443.78, "direction": "buy", "amount": 2.0}, {"trade_seq": 312, "trade_id": "214785775", "timestamp": 1652829134692, "tick_direction": 3, "price": 0.018, "mark_price": 0.01898993, "iv": 70.82, "instrument_name": "BTC-31MAR23-100000-C", "index_price": 30469.24, "direction": "buy", "amount": 1.8}, {"trade_seq": 311, "trade_id": "214785774", "timestamp": 1652829134490, "tick_direction": 3, "price": 0.018, "mark_price": 0.01898993, "iv": 70.82, "instrument_name": "BTC-31MAR23-100000-C", "index_price": 30469.24, "direction": "buy", "amount": 3.0}, {"trade_seq": 310, "trade_id": "214785773", "timestamp": 1652829134484, "tick_direction": 3, "price": 0.018, "mark_price": 0.01898993, "iv": 70.82, "instrument_name": "BTC-31MAR23-100000-C", "index_price": 30469.24, "direction": "sell", "amount": 1.8}, {"trade_seq": 309, "trade_id": "214785772", "timestamp": 1652829134484, "tick_direction": 3, "price": 0.018, "mark_price": 0.01898993, "iv": 70.82, "instrument_name": "BTC-31MAR23-100000-C", "index_price": 30469.24, "direction": "sell", "amount": 1.0}