{"trades": [{"trade_seq": 88, "trade_id": "247701756", "timestamp": 1679575400375, "tick_direction": 3, "price": 0.0005, "mark_price": 0.0, "iv": 373.48, "instrument_name": "BTC-31MAR23-140000-C", "index_price": 27591.5, "direction": "buy", "amount": 0.1}, {"trade_seq": 87, "trade_id": "238108287", "timestamp": 1671558317063, "tick_direction": 3, "price": 0.0005, "mark_price": 0.00019478, "iv": 130.53, "instrument_name": "BTC-31MAR23-140000-C", "index_price": 16810.48, "direction": "buy", "amount": 5.0}, {"trade_seq": 86, "trade_id": "237667968", "timestamp": 1670952256211, "tick_direction": 2, "price": 0.0005, "mark_price": 0.00040722, "iv": 123.39, "instrument_name": "BTC-31MAR23-140000-C", "index_price": 17719.34, "direction": "buy", "amount": 5.9}, {"trade_seq": 85, "trade_id": "233871761", "timestamp": 1667831013753, "tick_direction": 1, "price": 0.001, "mark_price": 0.00018331, "iv": 105.88, "instrument_name": "BTC-31MAR23-140000-C", "index_price": 20732.5, "direction": "buy", "amount": 2.9}, {"trade_seq": 84, "trade_id": "233871760", "timestamp": 1667831013753, "tick_direction": 1, "price": 0.001, "mark_price": 0.00018331, "iv": 105.88, "instrument_name": "BTC-31MAR23-140000-C", "index_price": 20732.5, "direction": "buy", "amount": 15.1}, {"trade_seq": 83, "trade_id": "233871759", "timestamp": 1667831013753, "tick_direction": 0, "price": 0.001, "mark_price": 0.00018331, "iv": 105.88, "instrument_name": "BTC-31MAR23-140000-C", "index_price": 20732.5, "direction": "buy", "amount": 5.0}, {"trade_seq": 82, "trade_id": "230524160", "timestamp": 1664375171258, "tick_direction": 2, "price": 0.0005, "mark_price": 0.00054063, "iv": 91.25, "instrument_name": "BTC-31MAR23-140000-C", "index_price": 19166.47, "direction": "sell", "amount": 1.0}, {"trade_seq": 81, "trade_id": "229594089", "timestamp": 1663657059207, "tick_direction": 3, "price": 0.0005, "mark_price": 0.00090186, "iv": 88.82, "instrument_name": "BTC-31MAR23-140000-C", "index_price": 19385.21, "direction": "sell", "amount": 5.0}, {"trade_seq": 80, "trade_id": "229481662", "timestamp": 1663570980388, "tick_direction": 3, "price": 0.0005, "mark_price": 0.00059372, "iv": 90.43, "instrument_name": "BTC-31MAR23-140000-C", "index_price": 18481.8, "direction": "buy", "amount": 0.4}, {"trade_seq": 79, "trade_id": "229481661", "timestamp": 1663570980343, "tick_direction": 3, "price": 0.0005, "mark_price": 0.00059372, "iv": 90.43, "instrument_name": "BTC-31MAR23-140000-C", "index_price": 18481.8, "direction": "sell", "amount": 0.1}, {"trade_seq": 78, "trade_id": "229481660", "timestamp": 1663570980343, "tick_direction": 2, "price": 0.0005, "mark_price": 0.00059372, "iv": 90.43, "instrument_name": "BTC-31MAR23-140000-C", "index_price": 18481.8, "direction": "sell", "amount": 1.0}, {"trade_seq": 77, "trade_id": "228459762", "timestamp": 1662525839004, "tick_direction": 2, "price": 0.001, "mark_price": 0.00124128, "iv": 92.72, "instrument_name": "BTC-31MAR23-140000-C", "index_price": 18732.66, "direction": "sell", "amount": 0.1}, {"trade_seq": 76, "trade_id": "228191001", "timestamp": 1662198085209, "tick_direction": 2, "price": 0.0015, "mark_price": 0.00142996, "iv": 93.26, "instrument_name": "BTC-31MAR23-140000-C", "index_price": 19776.07, "direction": "sell", "amount": 0.1}, {"trade_seq": 75, "trade_id": "228009395", "timestamp": 1662012184690, "tick_direction": 2, "price": 0.002, "mark_price": 0.00261123, "iv": 95.02, "instrument_name": "BTC-31MAR23-140000-C", "index_price": 20050.35, "direction": "sell", "amount": 0.1}, {"trade_seq": 74, "trade_id": "227915850", "timestamp": 1661906929071, "tick_direction": 2, "price": 0.0025, "mark_price": 0.00231279, "iv": 97.19, "instrument_name": "BTC-31MAR23-140000-C", "index_price": 19958.64, "direction": "sell", "amount": 0.1}, {"trade_seq": 73, "trade_id": "227849545", "timestamp": 1661854474463, "tick_direction": 0, "price": 0.003, "mark_price": 0.0023544, "iv": 97.99, "instrument_name": "BTC-31MAR23-140000-C", "index_price": 20453.39, "direction": "sell", "amount": 1.0}, {"trade_seq": 72, "trade_id": "227728872", "timestamp": 1661699510754, "tick_direction": 2, "price": 0.0025, "mark_price": 0.00219567, "iv": 96.76, "instrument_name": "BTC-31MAR23-140000-C", "index_price": 19915.08, "direction": "sell", "amount": 0.1}, {"trade_seq": 71, "trade_id": "226715473", "timestamp": 1660688090726, "tick_direction": 0, "price": 0.008, "mark_price": 0.00362639, "iv": 100.08, "instrument_name": "BTC-31MAR23-140000-C", "index_price": 23910.54, "direction": "buy", "amount": 0.6}, {"trade_seq": 70, "trade_id": "226715472", "timestamp": 1660688090726, "tick_direction": 0, "price": 0.005, "mark_price": 0.00362639, "iv": 94.1, "instrument_name": "BTC-31MAR23-140000-C", "index_price": 23910.54, "direction": "buy", "amount": 2.2}, {"trade_seq": 69, "trade_id": "226715471", "timestamp": 1660688090726, "tick_direction": 0, "price": 0.0045, "mark_price": 0.00362639, "iv": 92.88, "instrument_name": "BTC-31MAR23-140000-C", "index_price": 23910.54, "direction": "buy", "amount": 2.5}, {"trade_seq": 68, "trade_id": "223046147", "timestamp": 1657885322308, "tick_direction": 2, "price": 0.0035, "mark_price": 0.00338673, "iv": 89.5, "instrument_name": "BTC-31MAR23-140000-C", "index_price": 20783.24, "direction": "sell", "amount": 0.3}, {"trade_seq": 67, "trade_id": "222106196", "timestamp": 1657082084414, "tick_direction": 2, "price": 0.004, "mark_price": 0.00361405, "iv": 90.44, "instrument_name": "BTC-31MAR23-140000-C", "index_price": 20105.57, "direction": "sell", "amount": 0.1}, {"trade_seq": 66, "trade_id": "222054187", "timestamp": 1657052615257, "tick_direction": 2, "price": 0.0045, "mark_price": 0.00393326, "iv": 90.81, "instrument_name": "BTC-31MAR23-140000-C", "index_price": 20589.82, "direction": "buy", "amount": 1.0}, {"trade_seq": 65, "trade_id": "221240830", "timestamp": 1656464641495, "tick_direction": 3, "price": 0.005, "mark_price": 0.00470902, "iv": 91.56, "instrument_name": "BTC-31MAR23-140000-C", "index_price": 20227.89, "direction": "sell", "amount": 0.2}, {"trade_seq": 64, "trade_id": "221148282", "timestamp": 1656388580635, "tick_direction": 3, "price": 0.005, "mark_price": 0.00498289, "iv": 90.52, "instrument_name": "BTC-31MAR23-140000-C", "index_price": 20713.13, "direction": "sell", "amount": 12.0}, {"trade_seq": 63, "trade_id": "221148281", "timestamp": 1656388580576, "tick_direction": 2, "price": 0.005, "mark_price": 0.00498289, "iv": 90.52, "instrument_name": "BTC-31MAR23-140000-C", "index_price": 20713.13, "direction": "sell", "amount": 15.0}, {"trade_seq": 62, "trade_id": "221027228", "timestamp": 1656259369223, "tick_direction": 1, "price": 0.006, "mark_price": 0.00593121, "iv": 91.18, "instrument_name": "BTC-31MAR23-140000-C", "index_price": 21315.11, "direction": "buy", "amount": 0.1}, {"trade_seq": 61, "trade_id": "220932960", "timestamp": 1656109927690, "tick_direction": 0, "price": 0.006, "mark_price": 0.00555693, "iv": 90.92, "instrument_name": "BTC-31MAR23-140000-C", "index_price": 21331.75, "direction": "sell", "amount": 1.0}, {"trade_seq": 60, "trade_id": "220835633", "timestamp": 1656055759460, "tick_direction": 0, "price": 0.0035, "mark_price": 0.00503365, "iv": 86.18, "instrument_name": "BTC-31MAR23-140000-C", "index_price": 20863.5, "direction": "sell", "amount": 0.1}, {"trade_seq": 59, "trade_id": "219734327", "timestamp": 1655556325698, "tick_direction": 2, "price": 0.0025, "mark_price": 0.0036155, "iv": 84.95, "instrument_name": "BTC-31MAR23-140000-C", "index_price": 19145.99, "direction": "sell", "amount": 0.1}, {"trade_seq": 58, "trade_id": "219709792", "timestamp": 1655546659600, "tick_direction": 3, "price": 0.005, "mark_price": 0.00349537, "iv": 91.89, "instrument_name": "BTC-31MAR23-140000-C", "index_price": 19201.3, "direction": "buy", "amount": 1.5}, {"trade_seq": 57, "trade_id": "219707362", "timestamp": 1655546129747, "tick_direction": 2, "price": 0.005, "mark_price": 0.0034945, "iv": 92.0, "instrument_name": "BTC-31MAR23-140000-C", "index_price": 19147.13, "direction": "buy", "amount": 6.5}, {"trade_seq": 56, "trade_id": "217029911", "timestamp": 1654603408464, "tick_direction": 2, "price": 0.0065, "mark_price": 0.00562565, "iv": 76.47, "instrument_name": "BTC-31MAR23-140000-C", "index_price": 29493.45, "direction": "buy", "amount": 0.1}, {"trade_seq": 55, "trade_id": "216091518", "timestamp": 1653877313171, "tick_direction": 1, "price": 0.0075, "mark_price": 0.00692132, "iv": 76.1, "instrument_name": "BTC-31MAR23-140000-C", "index_price": 30146.52, "direction": "buy", "amount": 0.8}, {"trade_seq": 54, "trade_id": "215385920", "timestamp": 1653312290898, "tick_direction": 0, "price": 0.0075, "mark_price": 0.00761458, "iv": 74.88, "instrument_name": "BTC-31MAR23-140000-C", "index_price": 30452.86, "direction": "buy", "amount": 1.0}, {"trade_seq": 53, "trade_id": "215349758", "timestamp": 1653270429059, "tick_direction": 2, "price": 0.007, "mark_price": 0.00766304, "iv": 74.44, "instrument_name": "BTC-31MAR23-140000-C", "index_price": 30175.77, "direction": "buy", "amount": 1.0}, {"trade_seq": 52, "trade_id": "215272186", "timestamp": 1653179707286, "tick_direction": 3, "price": 0.0075, "mark_price": 0.00792928, "iv": 76.0, "instrument_name": "BTC-31MAR23-140000-C", "index_price": 29457.41, "direction": "sell", "amount": 0.6}, {"trade_seq": 51, "trade_id": "214785791", "timestamp": 1652829177697, "tick_direction": 3, "price": 0.0075, "mark_price": 0.00835256, "iv": 74.12, "instrument_name": "BTC-31MAR23-140000-C", "index_price": 30444.5, "direction": "buy", "amount": 4.9}, {"trade_seq": 50, "trade_id": "214785790", "timestamp": 1652829177695, "tick_direction": 3, "price": 0.0075, "mark_price": 0.00835256, "iv": 74.12, "instrument_name": "BTC-31MAR23-140000-C", "index_price": 30444.5, "direction": "buy", "amount": 3.2}, {"trade_seq": 49, "trade_id": "214785789", "timestamp": 1652829177691, "tick_direction": 2, "price": 0.0075, "mark_price": 0.00835256, "iv": 74.12, "instrument_name": "BTC-31MAR23-140000-C", "index_price": 30444.5, "direction": "sell", "amount": 1.9}, {"trade_seq": 48, "trade_id": "214362641", "timestamp": 1652461102649, "tick_direction": 3, "price": 0.01, "mark_price": 0.00968369, "iv": 77.58, "instrument_name": "BTC-31MAR23-140000-C", "index_price": 29970.48, "direction": "sell", "amount": 0.3}, {"trade_seq": 47, "trade_id": "212484607", "timestamp": 1651975625444, "tick_direction": 2, "price": 0.01, "mark_price": 0.01029532, "iv": 71.05, "instrument_name": "BTC-31MAR23-140000-C", "index_price": 34652.18, "direction": "sell", "amount": 4.7}, {"trade_seq": 46, "trade_id": "212263777", "timestamp": 1651839521687, "tick_direction": 0, "price": 0.0105, "mark_price": 0.01137596, "iv": 70.09, "instrument_name": "BTC-31MAR23-140000-C", "index_price": 35699.88, "direction": "sell", "amount": 3.0}, {"trade_seq": 45, "trade_id": "212255319", "timestamp": 1651835719288, "tick_direction": 2, "price": 0.01, "mark_price": 0.01134592, "iv": 69.41, "instrument_name": "BTC-31MAR23-140000-C", "index_price": 35804.03, "direction": "sell", "amount": 0.3}, {"trade_seq": 44, "trade_id": "212248614", "timestamp": 1651833839911, "tick_direction": 3, "price": 0.0105, "mark_price": 0.01160034, "iv": 69.65, "instrument_name": "BTC-31MAR23-140000-C", "index_price": 36116.53, "direction": "sell", "amount": 3.0}, {"trade_seq": 43, "trade_id": "212131127", "timestamp": 1651776082183, "tick_direction": 3, "price": 0.0105, "mark_price": 0.01203662, "iv": 69.36, "instrument_name": "BTC-31MAR23-140000-C", "index_price": 36317.19, "direction": "buy", "amount": 8.0}, {"trade_seq": 42, "trade_id": "212131126", "timestamp": 1651776082179, "tick_direction": 2, "price": 0.0105, "mark_price": 0.01203662, "iv": 69.36, "instrument_name": "BTC-31MAR23-140000-C", "index_price": 36317.19, "direction": "sell", "amount": 15.0}, {"trade_seq": 41, "trade_id": "211957137", "timestamp": 1651693671196, "tick_direction": 1, "price": 0.0135, "mark_price": 0.0127893, "iv": 68.49, "instrument_name": "BTC-31MAR23-140000-C", "index_price": 39696.85, "direction": "buy", "amount": 8.0}, {"trade_seq": 40, "trade_id": "211957136", "timestamp": 1651693671196, "tick_direction": 0, "price": 0.0135, "mark_price": 0.0127893, "iv": 68.49, "instrument_name": "BTC-31MAR23-140000-C", "index_price": 39696.85, "direction": "buy", "amount": 1.0}, {"trade_seq": 39, "trade_id": "211917839", "timestamp": 1651686027722, "tick_direction": 0, "price": 0.013, "mark_price": 0.01263194, "iv": 68.87, "instrument_name": "BTC-31MAR23-140000-C", "index_price": 38918.02, "direction": "buy", "amount": 1.0}, {"trade_seq": 38, "trade_id": "211803295", "timestamp": 1651584707563, "tick_direction": 3, "price": 0.0125, "mark_price": 0.01333016, "iv": 68.88, "instrument_name": "BTC-31MAR23-140000-C", "index_price": 38281.75, "direction": "sell", "amount": 1.0}, {"trade_seq": 37, "trade_id": "211803293", "timestamp": 1651584704579, "tick_direction": 3, "price": 0.0125, "mark_price": 0.01334521, "iv": 68.87, "instrument_name": "BTC-31MAR23-140000-C", "index_price": 38284.65, "direction": "sell", "amount": 1.0}, {"trade_seq": 36, "trade_id": "211735046", "timestamp": 1651503474875, "tick_direction": 2, "price": 0.0125, "mark_price": 0.0135833, "iv": 68.28, "instrument_name": "BTC-31MAR23-140000-C", "index_price": 38796.97, "direction": "sell", "amount": 0.1}, {"trade_seq": 35, "trade_id": "211614439", "timestamp": 1651378716201, "tick_direction": 3, "price": 0.0145, "mark_price": 0.01271915, "iv": 70.73, "instrument_name": "BTC-31MAR23-140000-C", "index_price": 38023.8, "direction": "buy", "amount": 5.0}, {"trade_seq": 34, "trade_id": "211190159", "timestamp": 1650994904015, "tick_direction": 2, "price": 0.0145, "mark_price": 0.01355211, "iv": 69.84, "instrument_name": "BTC-31MAR23-140000-C", "index_price": 38396.92, "direction": "sell", "amount": 1.0}, {"trade_seq": 33, "trade_id": "210807782", "timestamp": 1650637658791, "tick_direction": 2, "price": 0.017, "mark_price": 0.018087, "iv": 69.49, "instrument_name": "BTC-31MAR23-140000-C", "index_price": 39937.67, "direction": "sell", "amount": 15.0}, {"trade_seq": 32, "trade_id": "210693715", "timestamp": 1650553565097, "tick_direction": 1, "price": 0.02, "mark_price": 0.01993382, "iv": 68.8, "instrument_name": "BTC-31MAR23-140000-C", "index_price": 42520.56, "direction": "buy", "amount": 0.1}, {"trade_seq": 31, "trade_id": "210677475", "timestamp": 1650543856432, "tick_direction": 1, "price": 0.02, "mark_price": 0.02052124, "iv": 68.72, "instrument_name": "BTC-31MAR23-140000-C", "index_price": 42538.37, "direction": "buy", "amount": 0.7}, {"trade_seq": 30, "trade_id": "210677474", "timestamp": 1650543856432, "tick_direction": 0, "price": 0.02, "mark_price": 0.02052124, "iv": 68.72, "instrument_name": "BTC-31MAR23-140000-C", "index_price": 42538.37, "direction": "buy", "amount": 0.1}, {"trade_seq": 29, "trade_id": "210606379", "timestamp": 1650465984853, "tick_direction": 2, "price": 0.0185, "mark_price": 0.01916555, "iv": 68.58, "instrument_name": "BTC-31MAR23-140000-C", "index_price": 41627.02, "direction": "buy", "amount": 1.0}, {"trade_seq": 28, "trade_id": "210584042", "timestamp": 1650454682806, "tick_direction": 1, "price": 0.019, "mark_price": 0.01860509, "iv": 68.74, "instrument_name": "BTC-31MAR23-140000-C", "index_price": 41879.37, "direction": "buy", "amount": 8.0}, {"trade_seq": 27, "trade_id": "210584041", "timestamp": 1650454682806, "tick_direction": 0, "price": 0.019, "mark_price": 0.01860509, "iv": 68.74, "instrument_name": "BTC-31MAR23-140000-C", "index_price": 41879.37, "direction": "buy", "amount": 1.0}, {"trade_seq": 26, "trade_id": "210561462", "timestamp": 1650415646023, "tick_direction": 3, "price": 0.0185, "mark_price": 0.01896446, "iv": 68.84, "instrument_name": "BTC-31MAR23-140000-C", "index_price": 41353.01, "direction": "buy", "amount": 1.0}, {"trade_seq": 25, "trade_id": "210561461", "timestamp": 1650415643302, "tick_direction": 3, "price": 0.0185, "mark_price": 0.01896492, "iv": 68.84, "instrument_name": "BTC-31MAR23-140000-C", "index_price": 41352.65, "direction": "buy", "amount": 1.0}, {"trade_seq": 24, "trade_id": "210561435", "timestamp": 1650415459212, "tick_direction": 3, "price": 0.0185, "mark_price": 0.01895257, "iv": 68.84, "instrument_name": "BTC-31MAR23-140000-C", "index_price": 41350.64, "direction": "buy", "amount": 1.0}, {"trade_seq": 23, "trade_id": "210561432", "timestamp": 1650415456342, "tick_direction": 3, "price": 0.0185, "mark_price": 0.01895278, "iv": 68.84, "instrument_name": "BTC-31MAR23-140000-C", "index_price": 41350.55, "direction": "buy", "amount": 1.0}, {"trade_seq": 22, "trade_id": "210324337", "timestamp": 1650172735728, "tick_direction": 2, "price": 0.0185, "mark_price": 0.0082388, "iv": 69.57, "instrument_name": "BTC-31MAR23-140000-C", "index_price": 40306.98, "direction": "sell", "amount": 0.1}, {"trade_seq": 21, "trade_id": "210323603", "timestamp": 1650169276576, "tick_direction": 1, "price": 0.022, "mark_price": 0.01719077, "iv": 71.92, "instrument_name": "BTC-31MAR23-140000-C", "index_price": 40328.34, "direction": "buy", "amount": 0.1}, {"trade_seq": 20, "trade_id": "210323599", "timestamp": 1650169269749, "tick_direction": 0, "price": 0.022, "mark_price": 0.01718994, "iv": 71.93, "instrument_name": "BTC-31MAR23-140000-C", "index_price": 40321.02, "direction": "buy", "amount": 0.1}, {"trade_seq": 19, "trade_id": "210137595", "timestamp": 1649906399376, "tick_direction": 2, "price": 0.0215, "mark_price": 0.02194219, "iv": 70.38, "instrument_name": "BTC-31MAR23-140000-C", "index_price": 41340.23, "direction": "sell", "amount": 0.3}, {"trade_seq": 18, "trade_id": "209335100", "timestamp": 1649216626349, "tick_direction": 2, "price": 0.03, "mark_price": 0.03180368, "iv": 69.99, "instrument_name": "BTC-31MAR23-140000-C", "index_price": 45272.14, "direction": "sell", "amount": 13.0}, {"trade_seq": 17, "trade_id": "209268522", "timestamp": 1649165794246, "tick_direction": 1, "price": 0.0325, "mark_price": 0.03285401, "iv": 69.98, "instrument_name": "BTC-31MAR23-140000-C", "index_price": 46449.92, "direction": "sell", "amount": 0.5}, {"trade_seq": 16, "trade_id": "209268521", "timestamp": 1649165794246, "tick_direction": 0, "price": 0.0325, "mark_price": 0.03285401, "iv": 69.98, "instrument_name": "BTC-31MAR23-140000-C", "index_price": 46449.92, "direction": "sell", "amount": 0.5}, {"trade_seq": 15, "trade_id": "209253078", "timestamp": 1649155567856, "tick_direction": 0, "price": 0.031, "mark_price": 0.03225707, "iv": 69.06, "instrument_name": "BTC-31MAR23-140000-C", "index_price": 46651.5, "direction": "sell", "amount": 1.0}, {"trade_seq": 14, "trade_id": "208928106", "timestamp": 1648806544028, "tick_direction": 2, "price": 0.0275, "mark_price": 0.03016632, "iv": 68.37, "instrument_name": "BTC-31MAR23-140000-C", "index_price": 45080.05, "direction": "sell", "amount": 1.0}, {"trade_seq": 13, "trade_id": "208834220", "timestamp": 1648744133873, "tick_direction": 2, "price": 0.028, "mark_price": 0.03038344, "iv": 67.64, "instrument_name": "BTC-31MAR23-140000-C", "index_price": 45983.71, "direction": "buy", "amount": 0.1}, {"trade_seq": 12, "trade_id": "208778524", "timestamp": 1648677109030, "tick_direction": 3, "price": 0.029, "mark_price": 0.03114401, "iv": 67.2, "instrument_name": "BTC-31MAR23-140000-C", "index_price": 47024.99, "direction": "sell", "amount": 1.2}, {"trade_seq": 11, "trade_id": "208778523", "timestamp": 1648677104015, "tick_direction": 2, "price": 0.029, "mark_price": 0.03114316, "iv": 67.2, "instrument_name": "BTC-31MAR23-140000-C", "index_price": 47025.76, "direction": "sell", "amount": 4.3}, {"trade_seq": 10, "trade_id": "208778518", "timestamp": 1648677058935, "tick_direction": 0, "price": 0.0295, "mark_price": 0.03118462, "iv": 67.46, "instrument_name": "BTC-31MAR23-140000-C", "index_price": 47025.03, "direction": "buy", "amount": 4.0}, {"trade_seq": 9, "trade_id": "208746670", "timestamp": 1648647624490, "tick_direction": 2, "price": 0.028, "mark_price": 0.03057931, "iv": 66.54, "instrument_name": "BTC-31MAR23-140000-C", "index_price": 47029.61, "direction": "sell", "amount": 0.1}, {"trade_seq": 8, "trade_id": "208715737", "timestamp": 1648605997370, "tick_direction": 3, "price": 0.029, "mark_price": 0.03128861, "iv": 67.16, "instrument_name": "BTC-31MAR23-140000-C", "index_price": 46975.48, "direction": "sell", "amount": 8.0}, {"trade_seq": 7, "trade_id": "208715736", "timestamp": 1648605997370, "tick_direction": 2, "price": 0.029, "mark_price": 0.03128861, "iv": 67.16, "instrument_name": "BTC-31MAR23-140000-C", "index_price": 46975.48, "direction": "sell", "amount": 4.3}, {"trade_seq": 6, "trade_id": "208653572", "timestamp": 1648555373390, "tick_direction": 1, "price": 0.0345, "mark_price": 0.03219005, "iv": 68.9, "instrument_name": "BTC-31MAR23-140000-C", "index_price": 47922.04, "direction": "buy", "amount": 1.0}, {"trade_seq": 5, "trade_id": "208653571", "timestamp": 1648555373390, "tick_direction": 0, "price": 0.0345, "mark_price": 0.03219005, "iv": 68.9, "instrument_name": "BTC-31MAR23-140000-C", "index_price": 47922.04, "direction": "buy", "amount": 1.0}, {"trade_seq": 4, "trade_id": "208625606", "timestamp": 1648518658351, "tick_direction": 3, "price": 0.03, "mark_price": 0.03223623, "iv": 66.97, "instrument_name": "BTC-31MAR23-140000-C", "index_price": 47619.33, "direction": "sell", "amount": 8.0}, {"trade_seq": 3, "trade_id": "208625605", "timestamp": 1648518658351, "tick_direction": 2, "price": 0.03, "mark_price": 0.03223623, "iv": 66.97, "instrument_name": "BTC-31MAR23-140000-C", "index_price": 47619.33, "direction": "sell", "amount": 1.0}, {"trade_seq": 2, "trade_id": "208559241", "timestamp": 1648463881500, "tick_direction": 0, "price": 0.032, "mark_price": 0.03080048, "iv": 68.26, "instrument_name": "BTC-31MAR23-140000-C", "index_price": 47160.72, "direction": "buy", "amount": 1.0}, {"trade_seq": 1, "trade_id": "208546213", "timestamp": 1648448043871, "tick_direction": 1, "price": 0.031, "mark_price": 0.03094201, "iv": 68.07, "instrument_name": "BTC-31MAR23-140000-C", "index_price": 46801.37, "direction": "buy", "amount": 1.0}], "has_more": false}