{"trades": [{"trade_seq": 3914, "trade_id": "138787392", "timestamp": 1616683416104, "tick_direction": 2, "price": 0.5225, "mark_price": 0.53335755, "iv": 0.0, "instrument_name": "BTC-26MAR21-24000-C", "index_price": 51370.75, "direction": "sell", "amount": 3.0}, {"trade_seq": 3913, "trade_id": "138257806", "timestamp": 1616591450748, "tick_direction": 0, "price": 0.582, "mark_price": 0.57781592, "iv": 500.0, "instrument_name": "BTC-26MAR21-24000-C", "index_price": 56812.75, "direction": "sell", "amount": 3.0}, {"trade_seq": 3912, "trade_id": "138124443", "timestamp": 1616556604330, "tick_direction": 0, "price": 0.559, "mark_price": 0.55986077, "iv": 0.0, "instrument_name": "BTC-26MAR21-24000-C", "index_price": 54462.27, "direction": "buy", "amount": 0.4}, {"trade_seq": 3911, "trade_id": "137889628", "timestamp": 1616480347768, "tick_direction": 2, "price": 0.549, "mark_price": 0.54930187, "iv": 0.0, "instrument_name": "BTC-26MAR21-24000-C", "index_price": 53228.04, "direction": "buy", "amount": 0.5}, {"trade_seq": 3910, "trade_id": "137708926", "timestamp": 1616431147525, "tick_direction": 2, "price": 0.5775, "mark_price": 0.5746512, "iv": 441.68, "instrument_name": "BTC-26MAR21-24000-C", "index_price": 56324.89, "direction": "buy", "amount": 2.0}, {"trade_seq": 3909, "trade_id": "135039031", "timestamp": 1615472845442, "tick_direction": 0, "price": 0.582, "mark_price": 0.58340602, "iv": 0.0, "instrument_name": "BTC-26MAR21-24000-C", "index_price": 56901.07, "direction": "sell", "amount": 0.1}, {"trade_seq": 3908, "trade_id": "134762738", "timestamp": 1615383138433, "tick_direction": 0, "price": 0.575, "mark_price": 0.5754684, "iv": 0.0, "instrument_name": "BTC-26MAR21-24000-C", "index_price": 55841.97, "direction": "buy", "amount": 0.2}, {"trade_seq": 3907, "trade_id": "133684436", "timestamp": 1614906959207, "tick_direction": 2, "price": 0.4815, "mark_price": 0.49376668, "iv": 0.0, "instrument_name": "BTC-26MAR21-24000-C", "index_price": 46760.66, "direction": "sell", "amount": 0.2}, {"trade_seq": 3906, "trade_id": "133619330", "timestamp": 1614888658206, "tick_direction": 2, "price": 0.501, "mark_price": 0.50280231, "iv": 124.8, "instrument_name": "BTC-26MAR21-24000-C", "index_price": 47537.77, "direction": "sell", "amount": 0.1}, {"trade_seq": 3905, "trade_id": "133328079", "timestamp": 1614806578277, "tick_direction": 1, "price": 0.5325, "mark_price": 0.53392132, "iv": 118.62, "instrument_name": "BTC-26MAR21-24000-C", "index_price": 50565.3, "direction": "sell", "amount": 1.0}, {"trade_seq": 3904, "trade_id": "133328078", "timestamp": 1614806578277, "tick_direction": 0, "price": 0.5325, "mark_price": 0.53392132, "iv": 118.62, "instrument_name": "BTC-26MAR21-24000-C", "index_price": 50565.3, "direction": "sell", "amount": 1.0}, {"trade_seq": 3903, "trade_id": "133327473", "timestamp": 1614806056850, "tick_direction": 2, "price": 0.532, "mark_price": 0.5330895, "iv": 128.11, "instrument_name": "BTC-26MAR21-24000-C", "index_price": 50479.57, "direction": "sell", "amount": 1.0}, {"trade_seq": 3902, "trade_id": "133217442", "timestamp": 1614772945972, "tick_direction": 0, "price": 0.535, "mark_price": 0.54352313, "iv": 0.0, "instrument_name": "BTC-26MAR21-24000-C", "index_price": 51592.85, "direction": "sell", "amount": 0.3}, {"trade_seq": 3901, "trade_id": "133043679", "timestamp": 1614703413551, "tick_direction": 2, "price": 0.5065, "mark_price": 0.50652054, "iv": 145.04, "instrument_name": "BTC-26MAR21-24000-C", "index_price": 47782.93, "direction": "buy", "amount": 0.2}, {"trade_seq": 3900, "trade_id": "133037067", "timestamp": 1614703067536, "tick_direction": 2, "price": 0.5095, "mark_price": 0.51028735, "iv": 140.68, "instrument_name": "BTC-26MAR21-24000-C", "index_price": 48097.07, "direction": "buy", "amount": 0.1}, {"trade_seq": 3899, "trade_id": "133032638", "timestamp": 1614701931964, "tick_direction": 0, "price": 0.5145, "mark_price": 0.5146106, "iv": 146.01, "instrument_name": "BTC-26MAR21-24000-C", "index_price": 48565.31, "direction": "buy", "amount": 0.1}, {"trade_seq": 3898, "trade_id": "133031921", "timestamp": 1614701716693, "tick_direction": 2, "price": 0.514, "mark_price": 0.51415915, "iv": 145.39, "instrument_name": "BTC-26MAR21-24000-C", "index_price": 48541.48, "direction": "buy", "amount": 0.2}, {"trade_seq": 3897, "trade_id": "133029783", "timestamp": 1614701077445, "tick_direction": 2, "price": 0.515, "mark_price": 0.51476922, "iv": 149.16, "instrument_name": "BTC-26MAR21-24000-C", "index_price": 48616.26, "direction": "buy", "amount": 0.1}, {"trade_seq": 3896, "trade_id": "132847012", "timestamp": 1614634763323, "tick_direction": 0, "price": 0.528, "mark_price": 0.51726863, "iv": 203.29, "instrument_name": "BTC-26MAR21-24000-C", "index_price": 48720.91, "direction": "buy", "block_trade_id": "8610", "amount": 50.0}, {"trade_seq": 3895, "trade_id": "132509973", "timestamp": 1614528567166, "tick_direction": 3, "price": 0.4635, "mark_price": 0.4633816, "iv": 145.64, "instrument_name": "BTC-26MAR21-24000-C", "index_price": 43695.28, "direction": "sell", "amount": 0.1}, {"trade_seq": 3894, "trade_id": "132509972", "timestamp": 1614528566975, "tick_direction": 3, "price": 0.4635, "mark_price": 0.4633816, "iv": 145.64, "instrument_name": "BTC-26MAR21-24000-C", "index_price": 43695.28, "direction": "sell", "amount": 0.2}, {"trade_seq": 3893, "trade_id": "132509965", "timestamp": 1614528566772, "tick_direction": 3, "price": 0.4635, "mark_price": 0.4633816, "iv": 145.64, "instrument_name": "BTC-26MAR21-24000-C", "index_price": 43695.28, "direction": "sell", "amount": 0.7}, {"trade_seq": 3892, "trade_id": "132509892", "timestamp": 1614528519901, "tick_direction": 2, "price": 0.4635, "mark_price": 0.46342446, "iv": 144.15, "instrument_name": "BTC-26MAR21-24000-C", "index_price": 43720.65, "direction": "sell", "amount": 1.0}, {"trade_seq": 3891, "trade_id": "132487867", "timestamp": 1614525155066, "tick_direction": 1, "price": 0.473, "mark_price": 0.4724304, "iv": 148.34, "instrument_name": "BTC-26MAR21-24000-C", "index_price": 44414.1, "direction": "sell", "amount": 0.4}, {"trade_seq": 3890, "trade_id": "132487863", "timestamp": 1614525154942, "tick_direction": 1, "price": 0.473, "mark_price": 0.4724304, "iv": 148.34, "instrument_name": "BTC-26MAR21-24000-C", "index_price": 44414.1, "direction": "sell", "amount": 0.2}, {"trade_seq": 3889, "trade_id": "132487862", "timestamp": 1614525154934, "tick_direction": 0, "price": 0.473, "mark_price": 0.4724304, "iv": 148.34, "instrument_name": "BTC-26MAR21-24000-C", "index_price": 44414.1, "direction": "sell", "amount": 0.4}, {"trade_seq": 3888, "trade_id": "132487002", "timestamp": 1614524956585, "tick_direction": 3, "price": 0.4715, "mark_price": 0.47079549, "iv": 148.38, "instrument_name": "BTC-26MAR21-24000-C", "index_price": 44294.08, "direction": "sell", "amount": 0.7}, {"trade_seq": 3887, "trade_id": "132487001", "timestamp": 1614524956569, "tick_direction": 3, "price": 0.4715, "mark_price": 0.47079549, "iv": 148.38, "instrument_name": "BTC-26MAR21-24000-C", "index_price": 44294.08, "direction": "sell", "amount": 0.2}, {"trade_seq": 3886, "trade_id": "132486995", "timestamp": 1614524956420, "tick_direction": 2, "price": 0.4715, "mark_price": 0.47085785, "iv": 148.38, "instrument_name": "BTC-26MAR21-24000-C", "index_price": 44294.08, "direction": "sell", "amount": 0.1}, {"trade_seq": 3885, "trade_id": "132486594", "timestamp": 1614524762853, "tick_direction": 3, "price": 0.4725, "mark_price": 0.47186912, "iv": 148.23, "instrument_name": "BTC-26MAR21-24000-C", "index_price": 44381.54, "direction": "sell", "amount": 0.2}, {"trade_seq": 3884, "trade_id": "132486571", "timestamp": 1614524750900, "tick_direction": 3, "price": 0.4725, "mark_price": 0.47230976, "iv": 146.88, "instrument_name": "BTC-26MAR21-24000-C", "index_price": 44400.91, "direction": "sell", "amount": 0.1}, {"trade_seq": 3883, "trade_id": "132486570", "timestamp": 1614524750804, "tick_direction": 3, "price": 0.4725, "mark_price": 0.47230976, "iv": 146.88, "instrument_name": "BTC-26MAR21-24000-C", "index_price": 44400.91, "direction": "sell", "amount": 0.1}, {"trade_seq": 3882, "trade_id": "132486569", "timestamp": 1614524750705, "tick_direction": 3, "price": 0.4725, "mark_price": 0.47230976, "iv": 146.88, "instrument_name": "BTC-26MAR21-24000-C", "index_price": 44400.91, "direction": "sell", "amount": 0.2}, {"trade_seq": 3881, "trade_id": "132486568", "timestamp": 1614524750534, "tick_direction": 2, "price": 0.4725, "mark_price": 0.47230976, "iv": 146.43, "instrument_name": "BTC-26MAR21-24000-C", "index_price": 44400.91, "direction": "sell", "amount": 0.4}, {"trade_seq": 3880, "trade_id": "132486232", "timestamp": 1614524595247, "tick_direction": 1, "price": 0.4735, "mark_price": 0.47273332, "iv": 148.95, "instrument_name": "BTC-26MAR21-24000-C", "index_price": 44461.58, "direction": "sell", "amount": 0.4}, {"trade_seq": 3879, "trade_id": "132486192", "timestamp": 1614524575542, "tick_direction": 1, "price": 0.4735, "mark_price": 0.47298333, "iv": 147.7, "instrument_name": "BTC-26MAR21-24000-C", "index_price": 44474.76, "direction": "sell", "amount": 0.1}, {"trade_seq": 3878, "trade_id": "132486191", "timestamp": 1614524575478, "tick_direction": 0, "price": 0.4735, "mark_price": 0.47298333, "iv": 147.7, "instrument_name": "BTC-26MAR21-24000-C", "index_price": 44474.76, "direction": "sell", "amount": 0.1}, {"trade_seq": 3877, "trade_id": "132486086", "timestamp": 1614524536343, "tick_direction": 3, "price": 0.473, "mark_price": 0.47269331, "iv": 146.67, "instrument_name": "BTC-26MAR21-24000-C", "index_price": 44453.32, "direction": "sell", "amount": 0.1}, {"trade_seq": 3876, "trade_id": "132486085", "timestamp": 1614524536293, "tick_direction": 3, "price": 0.473, "mark_price": 0.47269331, "iv": 146.67, "instrument_name": "BTC-26MAR21-24000-C", "index_price": 44453.32, "direction": "sell", "amount": 0.1}, {"trade_seq": 3875, "trade_id": "132486084", "timestamp": 1614524536033, "tick_direction": 3, "price": 0.473, "mark_price": 0.47270118, "iv": 146.67, "instrument_name": "BTC-26MAR21-24000-C", "index_price": 44453.32, "direction": "sell", "amount": 0.1}, {"trade_seq": 3874, "trade_id": "132486083", "timestamp": 1614524535956, "tick_direction": 2, "price": 0.473, "mark_price": 0.47270118, "iv": 146.67, "instrument_name": "BTC-26MAR21-24000-C", "index_price": 44453.32, "direction": "sell", "amount": 0.1}, {"trade_seq": 3873, "trade_id": "132296082", "timestamp": 1614468915724, "tick_direction": 2, "price": 0.485, "mark_price": 0.48489237, "iv": 143.78, "instrument_name": "BTC-26MAR21-24000-C", "index_price": 45514.25, "direction": "buy", "amount": 5.6}, {"trade_seq": 3872, "trade_id": "131572472", "timestamp": 1614289802367, "tick_direction": 2, "price": 0.515, "mark_price": 0.51686727, "iv": 143.4, "instrument_name": "BTC-26MAR21-24000-C", "index_price": 48301.28, "direction": "buy", "amount": 0.1}, {"trade_seq": 3871, "trade_id": "131503179", "timestamp": 1614275581868, "tick_direction": 2, "price": 0.53, "mark_price": 0.53026627, "iv": 148.11, "instrument_name": "BTC-26MAR21-24000-C", "index_price": 49730.59, "direction": "buy", "amount": 0.2}, {"trade_seq": 3870, "trade_id": "129517360", "timestamp": 1613902894250, "tick_direction": 1, "price": 0.6, "mark_price": 0.60076054, "iv": 152.35, "instrument_name": "BTC-26MAR21-24000-C", "index_price": 57668.12, "direction": "buy", "amount": 0.3}, {"trade_seq": 3869, "trade_id": "129516999", "timestamp": 1613902881585, "tick_direction": 1, "price": 0.6, "mark_price": 0.60023074, "iv": 156.5, "instrument_name": "BTC-26MAR21-24000-C", "index_price": 57617.72, "direction": "buy", "amount": 0.1}, {"trade_seq": 3868, "trade_id": "129516996", "timestamp": 1613902881350, "tick_direction": 1, "price": 0.6, "mark_price": 0.60023074, "iv": 156.73, "instrument_name": "BTC-26MAR21-24000-C", "index_price": 57601.44, "direction": "buy", "amount": 0.1}, {"trade_seq": 3867, "trade_id": "129516993", "timestamp": 1613902881153, "tick_direction": 0, "price": 0.6, "mark_price": 0.60023074, "iv": 156.73, "instrument_name": "BTC-26MAR21-24000-C", "index_price": 57601.44, "direction": "buy", "amount": 0.5}, {"trade_seq": 3866, "trade_id": "129288593", "timestamp": 1613823922884, "tick_direction": 0, "price": 0.599, "mark_price": 0.5992796, "iv": 156.59, "instrument_name": "BTC-26MAR21-24000-C", "index_price": 57106.06, "direction": "buy", "amount": 0.1}, {"trade_seq": 3865, "trade_id": "129118010", "timestamp": 1613761953245, "tick_direction": 2, "price": 0.5855, "mark_price": 0.58699114, "iv": 143.75, "instrument_name": "BTC-26MAR21-24000-C", "index_price": 55232.39, "direction": "sell", "amount": 4.0}, {"trade_seq": 3864, "trade_id": "129117979", "timestamp": 1613761952818, "tick_direction": 0, "price": 0.586, "mark_price": 0.58699114, "iv": 148.07, "instrument_name": "BTC-26MAR21-24000-C", "index_price": 55234.69, "direction": "sell", "amount": 0.1}, {"trade_seq": 3863, "trade_id": "128923007", "timestamp": 1613702496998, "tick_direction": 2, "price": 0.541, "mark_price": 0.55357589, "iv": 0.0, "instrument_name": "BTC-26MAR21-24000-C", "index_price": 51160.01, "direction": "sell", "amount": 0.1}, {"trade_seq": 3862, "trade_id": "128635115", "timestamp": 1613590412187, "tick_direction": 1, "price": 0.563, "mark_price": 0.56319227, "iv": 147.03, "instrument_name": "BTC-26MAR21-24000-C", "index_price": 52013.62, "direction": "buy", "amount": 0.8}, {"trade_seq": 3861, "trade_id": "128634878", "timestamp": 1613590402183, "tick_direction": 0, "price": 0.563, "mark_price": 0.56290779, "iv": 148.63, "instrument_name": "BTC-26MAR21-24000-C", "index_price": 52002.83, "direction": "buy", "amount": 0.2}, {"trade_seq": 3860, "trade_id": "128633000", "timestamp": 1613590231847, "tick_direction": 1, "price": 0.5615, "mark_price": 0.5620392, "iv": 145.08, "instrument_name": "BTC-26MAR21-24000-C", "index_price": 51870.71, "direction": "buy", "amount": 1.0}, {"trade_seq": 3859, "trade_id": "128632998", "timestamp": 1613590231842, "tick_direction": 0, "price": 0.5615, "mark_price": 0.5620392, "iv": 145.08, "instrument_name": "BTC-26MAR21-24000-C", "index_price": 51870.71, "direction": "buy", "amount": 1.0}, {"trade_seq": 3858, "trade_id": "128621711", "timestamp": 1613585744804, "tick_direction": 0, "price": 0.5595, "mark_price": 0.55899873, "iv": 150.39, "instrument_name": "BTC-26MAR21-24000-C", "index_price": 51494.75, "direction": "buy", "amount": 0.5}, {"trade_seq": 3857, "trade_id": "128615226", "timestamp": 1613583102141, "tick_direction": 2, "price": 0.5575, "mark_price": 0.5570165, "iv": 149.99, "instrument_name": "BTC-26MAR21-24000-C", "index_price": 51276.77, "direction": "sell", "amount": 0.1}, {"trade_seq": 3856, "trade_id": "128615164", "timestamp": 1613583080972, "tick_direction": 0, "price": 0.558, "mark_price": 0.55704706, "iv": 152.73, "instrument_name": "BTC-26MAR21-24000-C", "index_price": 51260.85, "direction": "buy", "amount": 0.1}, {"trade_seq": 3855, "trade_id": "128329382", "timestamp": 1613503526141, "tick_direction": 1, "price": 0.529, "mark_price": 0.52877986, "iv": 143.67, "instrument_name": "BTC-26MAR21-24000-C", "index_price": 48610.18, "direction": "sell", "amount": 0.6}, {"trade_seq": 3854, "trade_id": "128329288", "timestamp": 1613503444533, "tick_direction": 0, "price": 0.529, "mark_price": 0.52848867, "iv": 145.01, "instrument_name": "BTC-26MAR21-24000-C", "index_price": 48566.7, "direction": "sell", "amount": 0.6}, {"trade_seq": 3853, "trade_id": "128329257", "timestamp": 1613503394828, "tick_direction": 1, "price": 0.5285, "mark_price": 0.52846391, "iv": 142.81, "instrument_name": "BTC-26MAR21-24000-C", "index_price": 48579.06, "direction": "sell", "amount": 0.1}, {"trade_seq": 3852, "trade_id": "128329096", "timestamp": 1613503304803, "tick_direction": 0, "price": 0.5285, "mark_price": 0.52801076, "iv": 144.97, "instrument_name": "BTC-26MAR21-24000-C", "index_price": 48522.85, "direction": "sell", "amount": 0.6}, {"trade_seq": 3851, "trade_id": "128310444", "timestamp": 1613497243818, "tick_direction": 2, "price": 0.527, "mark_price": 0.52788927, "iv": 139.22, "instrument_name": "BTC-26MAR21-24000-C", "index_price": 48454.53, "direction": "sell", "amount": 0.7}, {"trade_seq": 3850, "trade_id": "127957441", "timestamp": 1613406499989, "tick_direction": 1, "price": 0.53, "mark_price": 0.53037891, "iv": 136.42, "instrument_name": "BTC-26MAR21-24000-C", "index_price": 48519.3, "direction": "buy", "amount": 0.2}, {"trade_seq": 3849, "trade_id": "127957389", "timestamp": 1613406498670, "tick_direction": 1, "price": 0.53, "mark_price": 0.53036318, "iv": 136.49, "instrument_name": "BTC-26MAR21-24000-C", "index_price": 48517.71, "direction": "buy", "amount": 0.3}, {"trade_seq": 3848, "trade_id": "127957373", "timestamp": 1613406496400, "tick_direction": 1, "price": 0.53, "mark_price": 0.53034828, "iv": 136.56, "instrument_name": "BTC-26MAR21-24000-C", "index_price": 48516.88, "direction": "buy", "amount": 0.5}, {"trade_seq": 3847, "trade_id": "127957352", "timestamp": 1613406493263, "tick_direction": 0, "price": 0.53, "mark_price": 0.53018268, "iv": 137.2, "instrument_name": "BTC-26MAR21-24000-C", "index_price": 48514.08, "direction": "buy", "amount": 0.1}, {"trade_seq": 3846, "trade_id": "127956649", "timestamp": 1613406191252, "tick_direction": 1, "price": 0.5295, "mark_price": 0.5298585, "iv": 136.41, "instrument_name": "BTC-26MAR21-24000-C", "index_price": 48495.14, "direction": "buy", "amount": 0.1}, {"trade_seq": 3845, "trade_id": "127956647", "timestamp": 1613406191140, "tick_direction": 1, "price": 0.5295, "mark_price": 0.5298585, "iv": 136.41, "instrument_name": "BTC-26MAR21-24000-C", "index_price": 48495.14, "direction": "buy", "amount": 0.1}, {"trade_seq": 3844, "trade_id": "127956643", "timestamp": 1613406190595, "tick_direction": 1, "price": 0.5295, "mark_price": 0.5298454, "iv": 136.41, "instrument_name": "BTC-26MAR21-24000-C", "index_price": 48495.14, "direction": "buy", "amount": 0.1}, {"trade_seq": 3843, "trade_id": "127956636", "timestamp": 1613406186064, "tick_direction": 1, "price": 0.5295, "mark_price": 0.52977917, "iv": 136.65, "instrument_name": "BTC-26MAR21-24000-C", "index_price": 48485.47, "direction": "buy", "amount": 0.1}, {"trade_seq": 3842, "trade_id": "127956588", "timestamp": 1613406183947, "tick_direction": 1, "price": 0.5295, "mark_price": 0.52971062, "iv": 136.94, "instrument_name": "BTC-26MAR21-24000-C", "index_price": 48483.0, "direction": "buy", "amount": 0.1}, {"trade_seq": 3841, "trade_id": "127956559", "timestamp": 1613406175064, "tick_direction": 0, "price": 0.5295, "mark_price": 0.52961129, "iv": 137.53, "instrument_name": "BTC-26MAR21-24000-C", "index_price": 48467.65, "direction": "buy", "amount": 0.2}, {"trade_seq": 3840, "trade_id": "127953366", "timestamp": 1613405886410, "tick_direction": 1, "price": 0.528, "mark_price": 0.52775929, "iv": 138.98, "instrument_name": "BTC-26MAR21-24000-C", "index_price": 48304.29, "direction": "buy", "amount": 0.3}, {"trade_seq": 3839, "trade_id": "127953310", "timestamp": 1613405886132, "tick_direction": 1, "price": 0.528, "mark_price": 0.52764639, "iv": 138.98, "instrument_name": "BTC-26MAR21-24000-C", "index_price": 48304.29, "direction": "buy", "amount": 0.2}, {"trade_seq": 3838, "trade_id": "127953309", "timestamp": 1613405886095, "tick_direction": 1, "price": 0.528, "mark_price": 0.52764639, "iv": 138.98, "instrument_name": "BTC-26MAR21-24000-C", "index_price": 48304.29, "direction": "buy", "amount": 0.4}, {"trade_seq": 3837, "trade_id": "127953301", "timestamp": 1613405885964, "tick_direction": 0, "price": 0.528, "mark_price": 0.52764639, "iv": 138.98, "instrument_name": "BTC-26MAR21-24000-C", "index_price": 48279.31, "direction": "buy", "amount": 0.1}, {"trade_seq": 3836, "trade_id": "127578783", "timestamp": 1613288820743, "tick_direction": 2, "price": 0.5255, "mark_price": 0.53698164, "iv": 0.0, "instrument_name": "BTC-26MAR21-24000-C", "index_price": 48705.39, "direction": "sell", "amount": 2.6}, {"trade_seq": 3835, "trade_id": "127014083", "timestamp": 1613088665476, "tick_direction": 1, "price": 0.534, "mark_price": 0.53380591, "iv": 138.91, "instrument_name": "BTC-26MAR21-24000-C", "index_price": 48708.71, "direction": "buy", "amount": 0.1}, {"trade_seq": 3834, "trade_id": "127013391", "timestamp": 1613088623168, "tick_direction": 0, "price": 0.534, "mark_price": 0.53314415, "iv": 140.66, "instrument_name": "BTC-26MAR21-24000-C", "index_price": 48675.36, "direction": "buy", "amount": 0.4}, {"trade_seq": 3833, "trade_id": "126952198", "timestamp": 1613072550974, "tick_direction": 0, "price": 0.527, "mark_price": 0.52780922, "iv": 133.53, "instrument_name": "BTC-26MAR21-24000-C", "index_price": 47996.38, "direction": "sell", "amount": 0.1}, {"trade_seq": 3832, "trade_id": "126947285", "timestamp": 1613070477723, "tick_direction": 0, "price": 0.5255, "mark_price": 0.52502915, "iv": 137.78, "instrument_name": "BTC-26MAR21-24000-C", "index_price": 47754.44, "direction": "buy", "amount": 0.1}, {"trade_seq": 3831, "trade_id": "126929654", "timestamp": 1613064616881, "tick_direction": 3, "price": 0.5205, "mark_price": 0.52018484, "iv": 135.75, "instrument_name": "BTC-26MAR21-24000-C", "index_price": 47292.38, "direction": "sell", "amount": 0.1}, {"trade_seq": 3830, "trade_id": "126922401", "timestamp": 1613063311865, "tick_direction": 3, "price": 0.5205, "mark_price": 0.52044619, "iv": 134.43, "instrument_name": "BTC-26MAR21-24000-C", "index_price": 47267.43, "direction": "sell", "amount": 0.8}, {"trade_seq": 3829, "trade_id": "126922318", "timestamp": 1613063311487, "tick_direction": 3, "price": 0.5205, "mark_price": 0.52060584, "iv": 134.43, "instrument_name": "BTC-26MAR21-24000-C", "index_price": 47267.43, "direction": "sell", "amount": 0.1}, {"trade_seq": 3828, "trade_id": "126922317", "timestamp": 1613063311431, "tick_direction": 3, "price": 0.5205, "mark_price": 0.52060584, "iv": 134.43, "instrument_name": "BTC-26MAR21-24000-C", "index_price": 47267.43, "direction": "sell", "amount": 0.1}, {"trade_seq": 3827, "trade_id": "126922308", "timestamp": 1613063311395, "tick_direction": 3, "price": 0.5205, "mark_price": 0.52060584, "iv": 134.43, "instrument_name": "BTC-26MAR21-24000-C", "index_price": 47267.43, "direction": "sell", "amount": 0.1}, {"trade_seq": 3826, "trade_id": "126922297", "timestamp": 1613063311234, "tick_direction": 3, "price": 0.5205, "mark_price": 0.52060584, "iv": 133.84, "instrument_name": "BTC-26MAR21-24000-C", "index_price": 47320.53, "direction": "sell", "amount": 0.2}, {"trade_seq": 3825, "trade_id": "126922274", "timestamp": 1613063311039, "tick_direction": 3, "price": 0.5205, "mark_price": 0.52060584, "iv": 133.84, "instrument_name": "BTC-26MAR21-24000-C", "index_price": 47320.53, "direction": "sell", "amount": 0.2}, {"trade_seq": 3824, "trade_id": "126922270", "timestamp": 1613063310902, "tick_direction": 2, "price": 0.5205, "mark_price": 0.52060584, "iv": 133.84, "instrument_name": "BTC-26MAR21-24000-C", "index_price": 47320.53, "direction": "sell", "amount": 0.1}, {"trade_seq": 3823, "trade_id": "126918792", "timestamp": 1613062119844, "tick_direction": 3, "price": 0.5225, "mark_price": 0.52241963, "iv": 134.09, "instrument_name": "BTC-26MAR21-24000-C", "index_price": 47504.96, "direction": "sell", "amount": 0.4}, {"trade_seq": 3822, "trade_id": "126918783", "timestamp": 1613062119812, "tick_direction": 3, "price": 0.5225, "mark_price": 0.52241963, "iv": 134.09, "instrument_name": "BTC-26MAR21-24000-C", "index_price": 47504.96, "direction": "sell", "amount": 0.1}, {"trade_seq": 3821, "trade_id": "126918772", "timestamp": 1613062119623, "tick_direction": 3, "price": 0.5225, "mark_price": 0.52241963, "iv": 134.09, "instrument_name": "BTC-26MAR21-24000-C", "index_price": 47504.96, "direction": "sell", "amount": 0.2}, {"trade_seq": 3820, "trade_id": "126918755", "timestamp": 1613062119527, "tick_direction": 3, "price": 0.5225, "mark_price": 0.52263383, "iv": 134.09, "instrument_name": "BTC-26MAR21-24000-C", "index_price": 47504.96, "direction": "sell", "amount": 0.2}, {"trade_seq": 3819, "trade_id": "126918748", "timestamp": 1613062119504, "tick_direction": 3, "price": 0.5225, "mark_price": 0.52263383, "iv": 134.09, "instrument_name": "BTC-26MAR21-24000-C", "index_price": 47504.96, "direction": "sell", "amount": 0.1}, {"trade_seq": 3818, "trade_id": "126918729", "timestamp": 1613062119380, "tick_direction": 3, "price": 0.5225, "mark_price": 0.52263383, "iv": 134.09, "instrument_name": "BTC-26MAR21-24000-C", "index_price": 47504.96, "direction": "sell", "amount": 0.1}, {"trade_seq": 3817, "trade_id": "126918728", "timestamp": 1613062119345, "tick_direction": 3, "price": 0.5225, "mark_price": 0.52263383, "iv": 134.09, "instrument_name": "BTC-26MAR21-24000-C", "index_price": 47504.96, "direction": "sell", "amount": 0.1}, {"trade_seq": 3816, "trade_id": "126918713", "timestamp": 1613062119256, "tick_direction": 3, "price": 0.5225, "mark_price": 0.52263383, "iv": 134.09, "instrument_name": "BTC-26MAR21-24000-C", "index_price": 47504.96, "direction": "sell", "amount": 0.1}, {"trade_seq": 3815, "trade_id": "126918681", "timestamp": 1613062118243, "tick_direction": 2, "price": 0.5225, "mark_price": 0.52287941, "iv": 133.28, "instrument_name": "BTC-26MAR21-24000-C", "index_price": 47504.97, "direction": "sell", "amount": 0.1}, {"trade_seq": 3814, "trade_id": "126910961", "timestamp": 1613059562002, "tick_direction": 3, "price": 0.5255, "mark_price": 0.52546029, "iv": 134.3, "instrument_name": "BTC-26MAR21-24000-C", "index_price": 47821.6, "direction": "sell", "amount": 0.1}, {"trade_seq": 3813, "trade_id": "126910958", "timestamp": 1613059561928, "tick_direction": 3, "price": 0.5255, "mark_price": 0.52546029, "iv": 134.3, "instrument_name": "BTC-26MAR21-24000-C", "index_price": 47821.6, "direction": "sell", "amount": 0.2}, {"trade_seq": 3812, "trade_id": "126910952", "timestamp": 1613059561828, "tick_direction": 3, "price": 0.5255, "mark_price": 0.52546029, "iv": 134.3, "instrument_name": "BTC-26MAR21-24000-C", "index_price": 47821.6, "direction": "sell", "amount": 0.2}, {"trade_seq": 3811, "trade_id": "126910948", "timestamp": 1613059561795, "tick_direction": 2, "price": 0.5255, "mark_price": 0.52546029, "iv": 134.3, "instrument_name": "BTC-26MAR21-24000-C", "index_price": 47821.6, "direction": "sell", "amount": 0.1}, {"trade_seq": 3810, "trade_id": "126909587", "timestamp": 1613059358636, "tick_direction": 3, "price": 0.5275, "mark_price": 0.52730657, "iv": 134.65, "instrument_name": "BTC-26MAR21-24000-C", "index_price": 48009.84, "direction": "sell", "amount": 0.2}, {"trade_seq": 3809, "trade_id": "126909580", "timestamp": 1613059358385, "tick_direction": 3, "price": 0.5275, "mark_price": 0.52736198, "iv": 134.65, "instrument_name": "BTC-26MAR21-24000-C", "index_price": 48009.84, "direction": "sell", "amount": 0.1}, {"trade_seq": 3808, "trade_id": "126909579", "timestamp": 1613059358339, "tick_direction": 3, "price": 0.5275, "mark_price": 0.52736198, "iv": 134.65, "instrument_name": "BTC-26MAR21-24000-C", "index_price": 48009.84, "direction": "sell", "amount": 0.2}, {"trade_seq": 3807, "trade_id": "126909578", "timestamp": 1613059358214, "tick_direction": 3, "price": 0.5275, "mark_price": 0.52736198, "iv": 134.65, "instrument_name": "BTC-26MAR21-24000-C", "index_price": 48009.84, "direction": "sell", "amount": 0.1}, {"trade_seq": 3806, "trade_id": "126909577", "timestamp": 1613059358126, "tick_direction": 2, "price": 0.5275, "mark_price": 0.52736198, "iv": 134.65, "instrument_name": "BTC-26MAR21-24000-C", "index_price": 48009.84, "direction": "sell", "amount": 0.2}, {"trade_seq": 3805, "trade_id": "126908964", "timestamp": 1613059285726, "tick_direction": 1, "price": 0.5295, "mark_price": 0.52925299, "iv": 134.87, "instrument_name": "BTC-26MAR21-24000-C", "index_price": 48182.75, "direction": "sell", "amount": 0.1}, {"trade_seq": 3804, "trade_id": "126908962", "timestamp": 1613059285568, "tick_direction": 1, "price": 0.5295, "mark_price": 0.52925299, "iv": 134.87, "instrument_name": "BTC-26MAR21-24000-C", "index_price": 48182.75, "direction": "sell", "amount": 0.1}, {"trade_seq": 3803, "trade_id": "126908957", "timestamp": 1613059284914, "tick_direction": 1, "price": 0.5295, "mark_price": 0.5296247, "iv": 133.38, "instrument_name": "BTC-26MAR21-24000-C", "index_price": 48195.66, "direction": "sell", "amount": 0.1}, {"trade_seq": 3802, "trade_id": "126908956", "timestamp": 1613059284812, "tick_direction": 1, "price": 0.5295, "mark_price": 0.5296247, "iv": 133.38, "instrument_name": "BTC-26MAR21-24000-C", "index_price": 48195.66, "direction": "sell", "amount": 0.1}, {"trade_seq": 3801, "trade_id": "126908949", "timestamp": 1613059284621, "tick_direction": 1, "price": 0.5295, "mark_price": 0.5296247, "iv": 133.38, "instrument_name": "BTC-26MAR21-24000-C", "index_price": 48195.66, "direction": "sell", "amount": 0.1}, {"trade_seq": 3800, "trade_id": "126908942", "timestamp": 1613059284519, "tick_direction": 1, "price": 0.5295, "mark_price": 0.5296247, "iv": 133.38, "instrument_name": "BTC-26MAR21-24000-C", "index_price": 48195.66, "direction": "sell", "amount": 0.1}, {"trade_seq": 3799, "trade_id": "126908157", "timestamp": 1613059227772, "tick_direction": 1, "price": 0.5295, "mark_price": 0.52933739, "iv": 134.46, "instrument_name": "BTC-26MAR21-24000-C", "index_price": 48205.09, "direction": "buy", "amount": 0.1}, {"trade_seq": 3798, "trade_id": "126908156", "timestamp": 1613059227699, "tick_direction": 1, "price": 0.5295, "mark_price": 0.52933739, "iv": 134.53, "instrument_name": "BTC-26MAR21-24000-C", "index_price": 48197.69, "direction": "buy", "amount": 0.1}, {"trade_seq": 3797, "trade_id": "126908074", "timestamp": 1613059222262, "tick_direction": 1, "price": 0.5295, "mark_price": 0.52908949, "iv": 135.41, "instrument_name": "BTC-26MAR21-24000-C", "index_price": 48183.42, "direction": "buy", "amount": 0.1}, {"trade_seq": 3796, "trade_id": "126908073", "timestamp": 1613059222134, "tick_direction": 0, "price": 0.5295, "mark_price": 0.52908949, "iv": 135.41, "instrument_name": "BTC-26MAR21-24000-C", "index_price": 48183.42, "direction": "buy", "amount": 0.2}, {"trade_seq": 3795, "trade_id": "126901780", "timestamp": 1613057508838, "tick_direction": 3, "price": 0.5265, "mark_price": 0.52694704, "iv": 131.99, "instrument_name": "BTC-26MAR21-24000-C", "index_price": 47956.06, "direction": "sell", "amount": 4.0}, {"trade_seq": 3794, "trade_id": "126901108", "timestamp": 1613057325509, "tick_direction": 2, "price": 0.5265, "mark_price": 0.5264099, "iv": 134.08, "instrument_name": "BTC-26MAR21-24000-C", "index_price": 47915.03, "direction": "sell", "amount": 4.9}, {"trade_seq": 3793, "trade_id": "126898715", "timestamp": 1613056883163, "tick_direction": 1, "price": 0.5275, "mark_price": 0.52773017, "iv": 132.85, "instrument_name": "BTC-26MAR21-24000-C", "index_price": 48010.78, "direction": "sell", "amount": 0.7}, {"trade_seq": 3792, "trade_id": "126898634", "timestamp": 1613056882826, "tick_direction": 1, "price": 0.5275, "mark_price": 0.52776295, "iv": 132.85, "instrument_name": "BTC-26MAR21-24000-C", "index_price": 48010.78, "direction": "sell", "amount": 0.1}, {"trade_seq": 3791, "trade_id": "126898603", "timestamp": 1613056882643, "tick_direction": 1, "price": 0.5275, "mark_price": 0.52776295, "iv": 132.85, "instrument_name": "BTC-26MAR21-24000-C", "index_price": 48010.78, "direction": "sell", "amount": 0.2}, {"trade_seq": 3790, "trade_id": "126898584", "timestamp": 1613056882602, "tick_direction": 0, "price": 0.5275, "mark_price": 0.52776295, "iv": 132.85, "instrument_name": "BTC-26MAR21-24000-C", "index_price": 48010.78, "direction": "sell", "amount": 0.1}, {"trade_seq": 3789, "trade_id": "126689463", "timestamp": 1612994189175, "tick_direction": 2, "price": 0.494, "mark_price": 0.49470919, "iv": 126.7, "instrument_name": "BTC-26MAR21-24000-C", "index_price": 44982.87, "direction": "sell", "amount": 1.0}, {"trade_seq": 3788, "trade_id": "126689418", "timestamp": 1612994122992, "tick_direction": 1, "price": 0.4945, "mark_price": 0.49454703, "iv": 128.88, "instrument_name": "BTC-26MAR21-24000-C", "index_price": 44978.2, "direction": "buy", "amount": 1.0}, {"trade_seq": 3787, "trade_id": "126689417", "timestamp": 1612994122991, "tick_direction": 0, "price": 0.4945, "mark_price": 0.49454703, "iv": 128.88, "instrument_name": "BTC-26MAR21-24000-C", "index_price": 44978.2, "direction": "buy", "amount": 1.0}, {"trade_seq": 3786, "trade_id": "126689387", "timestamp": 1612994086314, "tick_direction": 0, "price": 0.494, "mark_price": 0.49456691, "iv": 127.13, "instrument_name": "BTC-26MAR21-24000-C", "index_price": 44969.0, "direction": "sell", "amount": 1.0}, {"trade_seq": 3785, "trade_id": "126687241", "timestamp": 1612992801314, "tick_direction": 1, "price": 0.491, "mark_price": 0.49111757, "iv": 128.55, "instrument_name": "BTC-26MAR21-24000-C", "index_price": 44652.16, "direction": "sell", "amount": 0.1}, {"trade_seq": 3784, "trade_id": "126687238", "timestamp": 1612992801158, "tick_direction": 0, "price": 0.491, "mark_price": 0.49125205, "iv": 128.55, "instrument_name": "BTC-26MAR21-24000-C", "index_price": 44655.42, "direction": "sell", "amount": 0.1}, {"trade_seq": 3783, "trade_id": "126686207", "timestamp": 1612992260709, "tick_direction": 2, "price": 0.49, "mark_price": 0.49025274, "iv": 128.14, "instrument_name": "BTC-26MAR21-24000-C", "index_price": 44545.59, "direction": "sell", "amount": 0.2}, {"trade_seq": 3782, "trade_id": "126675091", "timestamp": 1612987059414, "tick_direction": 1, "price": 0.497, "mark_price": 0.4968601, "iv": 129.43, "instrument_name": "BTC-26MAR21-24000-C", "index_price": 45246.77, "direction": "sell", "amount": 0.1}, {"trade_seq": 3781, "trade_id": "126675088", "timestamp": 1612987059223, "tick_direction": 1, "price": 0.497, "mark_price": 0.4968601, "iv": 129.43, "instrument_name": "BTC-26MAR21-24000-C", "index_price": 45246.77, "direction": "sell", "amount": 0.1}, {"trade_seq": 3780, "trade_id": "126675085", "timestamp": 1612987059051, "tick_direction": 1, "price": 0.497, "mark_price": 0.4968601, "iv": 129.43, "instrument_name": "BTC-26MAR21-24000-C", "index_price": 45246.77, "direction": "sell", "amount": 0.1}, {"trade_seq": 3779, "trade_id": "126675082", "timestamp": 1612987058682, "tick_direction": 1, "price": 0.497, "mark_price": 0.49684797, "iv": 129.45, "instrument_name": "BTC-26MAR21-24000-C", "index_price": 45247.41, "direction": "sell", "amount": 0.1}, {"trade_seq": 3778, "trade_id": "126675076", "timestamp": 1612987050909, "tick_direction": 1, "price": 0.497, "mark_price": 0.49693366, "iv": 129.2, "instrument_name": "BTC-26MAR21-24000-C", "index_price": 45254.1, "direction": "sell", "amount": 0.1}, {"trade_seq": 3777, "trade_id": "126675075", "timestamp": 1612987050799, "tick_direction": 0, "price": 0.497, "mark_price": 0.49693366, "iv": 129.2, "instrument_name": "BTC-26MAR21-24000-C", "index_price": 45254.1, "direction": "sell", "amount": 0.1}, {"trade_seq": 3776, "trade_id": "126661925", "timestamp": 1612982847436, "tick_direction": 1, "price": 0.4945, "mark_price": 0.4946706, "iv": 128.6, "instrument_name": "BTC-26MAR21-24000-C", "index_price": 45061.61, "direction": "sell", "amount": 0.1}, {"trade_seq": 3775, "trade_id": "126661921", "timestamp": 1612982836426, "tick_direction": 1, "price": 0.4945, "mark_price": 0.49470628, "iv": 128.49, "instrument_name": "BTC-26MAR21-24000-C", "index_price": 45062.46, "direction": "sell", "amount": 0.1}, {"trade_seq": 3774, "trade_id": "126660083", "timestamp": 1612981946351, "tick_direction": 1, "price": 0.4945, "mark_price": 0.49465068, "iv": 128.54, "instrument_name": "BTC-26MAR21-24000-C", "index_price": 45041.52, "direction": "sell", "amount": 0.1}, {"trade_seq": 3773, "trade_id": "126660081", "timestamp": 1612981945686, "tick_direction": 0, "price": 0.4945, "mark_price": 0.49465068, "iv": 128.53, "instrument_name": "BTC-26MAR21-24000-C", "index_price": 45042.22, "direction": "sell", "amount": 0.1}, {"trade_seq": 3772, "trade_id": "126656196", "timestamp": 1612980933410, "tick_direction": 2, "price": 0.4925, "mark_price": 0.4927677, "iv": 128.41, "instrument_name": "BTC-26MAR21-24000-C", "index_price": 44870.63, "direction": "sell", "amount": 0.1}, {"trade_seq": 3771, "trade_id": "126652592", "timestamp": 1612979514349, "tick_direction": 3, "price": 0.495, "mark_price": 0.49505155, "iv": 128.77, "instrument_name": "BTC-26MAR21-24000-C", "index_price": 45064.87, "direction": "sell", "amount": 0.1}, {"trade_seq": 3770, "trade_id": "126652591", "timestamp": 1612979514295, "tick_direction": 2, "price": 0.495, "mark_price": 0.49505155, "iv": 128.77, "instrument_name": "BTC-26MAR21-24000-C", "index_price": 45064.87, "direction": "sell", "amount": 0.1}, {"trade_seq": 3769, "trade_id": "126651443", "timestamp": 1612979140439, "tick_direction": 0, "price": 0.4955, "mark_price": 0.49533146, "iv": 129.35, "instrument_name": "BTC-26MAR21-24000-C", "index_price": 45094.05, "direction": "sell", "amount": 0.1}, {"trade_seq": 3768, "trade_id": "126630612", "timestamp": 1612974219615, "tick_direction": 0, "price": 0.4935, "mark_price": 0.49369937, "iv": 128.88, "instrument_name": "BTC-26MAR21-24000-C", "index_price": 44720.99, "direction": "sell", "amount": 0.1}, {"trade_seq": 3767, "trade_id": "126623935", "timestamp": 1612973171263, "tick_direction": 2, "price": 0.4855, "mark_price": 0.48583384, "iv": 128.64, "instrument_name": "BTC-26MAR21-24000-C", "index_price": 43916.52, "direction": "buy", "amount": 0.3}, {"trade_seq": 3766, "trade_id": "126458605", "timestamp": 1612918766195, "tick_direction": 2, "price": 0.513, "mark_price": 0.51314257, "iv": 127.06, "instrument_name": "BTC-26MAR21-24000-C", "index_price": 46573.47, "direction": "buy", "amount": 0.2}, {"trade_seq": 3765, "trade_id": "126434804", "timestamp": 1612907769079, "tick_direction": 0, "price": 0.519, "mark_price": 0.51980343, "iv": 123.29, "instrument_name": "BTC-26MAR21-24000-C", "index_price": 47343.95, "direction": "buy", "amount": 0.5}, {"trade_seq": 3764, "trade_id": "126404109", "timestamp": 1612894224613, "tick_direction": 0, "price": 0.515, "mark_price": 0.51572781, "iv": 123.29, "instrument_name": "BTC-26MAR21-24000-C", "index_price": 46833.97, "direction": "buy", "amount": 1.0}, {"trade_seq": 3763, "trade_id": "126403066", "timestamp": 1612893968427, "tick_direction": 0, "price": 0.514, "mark_price": 0.51462229, "iv": 123.73, "instrument_name": "BTC-26MAR21-24000-C", "index_price": 46704.93, "direction": "buy", "amount": 1.0}, {"trade_seq": 3762, "trade_id": "126402482", "timestamp": 1612893803061, "tick_direction": 1, "price": 0.513, "mark_price": 0.51378252, "iv": 122.6, "instrument_name": "BTC-26MAR21-24000-C", "index_price": 46621.2, "direction": "buy", "amount": 0.1}, {"trade_seq": 3761, "trade_id": "126402479", "timestamp": 1612893802524, "tick_direction": 1, "price": 0.513, "mark_price": 0.51378252, "iv": 122.76, "instrument_name": "BTC-26MAR21-24000-C", "index_price": 46621.2, "direction": "buy", "amount": 0.1}, {"trade_seq": 3760, "trade_id": "126402464", "timestamp": 1612893801552, "tick_direction": 1, "price": 0.513, "mark_price": 0.51373401, "iv": 122.96, "instrument_name": "BTC-26MAR21-24000-C", "index_price": 46616.99, "direction": "buy", "amount": 0.1}, {"trade_seq": 3759, "trade_id": "126402459", "timestamp": 1612893801359, "tick_direction": 1, "price": 0.513, "mark_price": 0.51361734, "iv": 122.96, "instrument_name": "BTC-26MAR21-24000-C", "index_price": 46616.99, "direction": "buy", "amount": 0.2}, {"trade_seq": 3758, "trade_id": "126402458", "timestamp": 1612893801174, "tick_direction": 1, "price": 0.513, "mark_price": 0.51361734, "iv": 123.43, "instrument_name": "BTC-26MAR21-24000-C", "index_price": 46613.87, "direction": "buy", "amount": 0.1}, {"trade_seq": 3757, "trade_id": "126402454", "timestamp": 1612893800976, "tick_direction": 1, "price": 0.513, "mark_price": 0.51361734, "iv": 123.43, "instrument_name": "BTC-26MAR21-24000-C", "index_price": 46613.87, "direction": "buy", "amount": 0.1}, {"trade_seq": 3756, "trade_id": "126402451", "timestamp": 1612893800871, "tick_direction": 1, "price": 0.513, "mark_price": 0.51361734, "iv": 123.43, "instrument_name": "BTC-26MAR21-24000-C", "index_price": 46613.87, "direction": "buy", "amount": 0.1}, {"trade_seq": 3755, "trade_id": "126402445", "timestamp": 1612893800261, "tick_direction": 0, "price": 0.513, "mark_price": 0.51361776, "iv": 123.41, "instrument_name": "BTC-26MAR21-24000-C", "index_price": 46601.84, "direction": "buy", "amount": 0.2}, {"trade_seq": 3754, "trade_id": "126396223", "timestamp": 1612891685163, "tick_direction": 3, "price": 0.512, "mark_price": 0.51302986, "iv": 122.69, "instrument_name": "BTC-26MAR21-24000-C", "index_price": 46522.12, "direction": "buy", "amount": 0.2}, {"trade_seq": 3753, "trade_id": "126396220", "timestamp": 1612891684038, "tick_direction": 3, "price": 0.512, "mark_price": 0.51301865, "iv": 122.89, "instrument_name": "BTC-26MAR21-24000-C", "index_price": 46517.24, "direction": "buy", "amount": 0.3}, {"trade_seq": 3752, "trade_id": "126396219", "timestamp": 1612891683952, "tick_direction": 3, "price": 0.512, "mark_price": 0.51301865, "iv": 122.89, "instrument_name": "BTC-26MAR21-24000-C", "index_price": 46517.24, "direction": "buy", "amount": 0.2}, {"trade_seq": 3751, "trade_id": "126396218", "timestamp": 1612891683948, "tick_direction": 2, "price": 0.512, "mark_price": 0.51301865, "iv": 122.89, "instrument_name": "BTC-26MAR21-24000-C", "index_price": 46517.24, "direction": "buy", "amount": 0.3}, {"trade_seq": 3750, "trade_id": "126263430", "timestamp": 1612860295328, "tick_direction": 1, "price": 0.5195, "mark_price": 0.51977218, "iv": 129.39, "instrument_name": "BTC-26MAR21-24000-C", "index_price": 46895.68, "direction": "sell", "amount": 0.1}, {"trade_seq": 3749, "trade_id": "126263428", "timestamp": 1612860295243, "tick_direction": 0, "price": 0.5195, "mark_price": 0.51977218, "iv": 129.39, "instrument_name": "BTC-26MAR21-24000-C", "index_price": 46895.68, "direction": "sell", "amount": 0.1}, {"trade_seq": 3748, "trade_id": "126198118", "timestamp": 1612847831661, "tick_direction": 0, "price": 0.5171, "mark_price": 0.51763778, "iv": 128.0, "instrument_name": "BTC-26MAR21-24000-C", "index_price": 46859.79, "direction": "sell", "block_trade_id": "7591", "amount": 19.0}, {"trade_seq": 3747, "trade_id": "126157753", "timestamp": 1612838666317, "tick_direction": 2, "price": 0.511, "mark_price": 0.51133541, "iv": 131.41, "instrument_name": "BTC-26MAR21-24000-C", "index_price": 46152.88, "direction": "buy", "amount": 0.1}, {"trade_seq": 3746, "trade_id": "126137143", "timestamp": 1612833882950, "tick_direction": 2, "price": 0.515, "mark_price": 0.51400779, "iv": 137.78, "instrument_name": "BTC-26MAR21-24000-C", "index_price": 46495.25, "direction": "sell", "amount": 0.6}, {"trade_seq": 3745, "trade_id": "126136588", "timestamp": 1612833613553, "tick_direction": 0, "price": 0.528, "mark_price": 0.51507225, "iv": 167.23, "instrument_name": "BTC-26MAR21-24000-C", "index_price": 46600.19, "direction": "sell", "amount": 0.6}, {"trade_seq": 3744, "trade_id": "126075388", "timestamp": 1612826826877, "tick_direction": 0, "price": 0.5125, "mark_price": 0.5123297, "liquidation": "M", "iv": 133.15, "instrument_name": "BTC-26MAR21-24000-C", "index_price": 46244.17, "direction": "sell", "amount": 0.5}, {"trade_seq": 3743, "trade_id": "125955142", "timestamp": 1612800548546, "tick_direction": 1, "price": 0.49, "mark_price": 0.48987605, "iv": 127.75, "instrument_name": "BTC-26MAR21-24000-C", "index_price": 44225.16, "direction": "buy", "amount": 0.1}, {"trade_seq": 3742, "trade_id": "125846082", "timestamp": 1612790744944, "tick_direction": 0, "price": 0.49, "mark_price": 0.4900723, "iv": 125.71, "instrument_name": "BTC-26MAR21-24000-C", "index_price": 44439.96, "direction": "buy", "amount": 0.1}, {"trade_seq": 3741, "trade_id": "125769520", "timestamp": 1612788699674, "tick_direction": 0, "price": 0.465, "mark_price": 0.46629859, "iv": 114.26, "instrument_name": "BTC-26MAR21-24000-C", "index_price": 41852.28, "direction": "buy", "amount": 0.1}, {"trade_seq": 3740, "trade_id": "125566074", "timestamp": 1612713428747, "tick_direction": 2, "price": 0.4, "mark_price": 0.40315167, "iv": 109.43, "instrument_name": "BTC-26MAR21-24000-C", "index_price": 37898.12, "direction": "buy", "amount": 0.1}, {"trade_seq": 3739, "trade_id": "125419821", "timestamp": 1612657875854, "tick_direction": 1, "price": 0.432, "mark_price": 0.43147982, "iv": 117.44, "instrument_name": "BTC-26MAR21-24000-C", "index_price": 39468.63, "direction": "buy", "amount": 0.2}, {"trade_seq": 3738, "trade_id": "125419820", "timestamp": 1612657875646, "tick_direction": 0, "price": 0.432, "mark_price": 0.43147982, "iv": 117.44, "instrument_name": "BTC-26MAR21-24000-C", "index_price": 39468.63, "direction": "buy", "amount": 0.1}, {"trade_seq": 3737, "trade_id": "125119896", "timestamp": 1612546794889, "tick_direction": 0, "price": 0.4075, "mark_price": 0.40840067, "iv": 112.86, "instrument_name": "BTC-26MAR21-24000-C", "index_price": 37910.3, "direction": "sell", "amount": 1.0}, {"trade_seq": 3736, "trade_id": "124985309", "timestamp": 1612501222564, "tick_direction": 3, "price": 0.3975, "mark_price": 0.4001904, "iv": 107.96, "instrument_name": "BTC-26MAR21-24000-C", "index_price": 37325.45, "direction": "buy", "amount": 2.0}, {"trade_seq": 3735, "trade_id": "124985307", "timestamp": 1612501222552, "tick_direction": 2, "price": 0.3975, "mark_price": 0.4001904, "iv": 107.96, "instrument_name": "BTC-26MAR21-24000-C", "index_price": 37325.45, "direction": "buy", "amount": 3.0}, {"trade_seq": 3734, "trade_id": "124934513", "timestamp": 1612472496815, "tick_direction": 1, "price": 0.4075, "mark_price": 0.40708092, "iv": 115.82, "instrument_name": "BTC-26MAR21-24000-C", "index_price": 37753.57, "direction": "buy", "amount": 0.1}, {"trade_seq": 3733, "trade_id": "124926753", "timestamp": 1612469148211, "tick_direction": 1, "price": 0.4075, "mark_price": 0.40730782, "iv": 115.47, "instrument_name": "BTC-26MAR21-24000-C", "index_price": 37753.57, "direction": "buy", "amount": 0.1}, {"trade_seq": 3732, "trade_id": "124926628", "timestamp": 1612469117866, "tick_direction": 0, "price": 0.4075, "mark_price": 0.40735426, "iv": 115.37, "instrument_name": "BTC-26MAR21-24000-C", "index_price": 37763.54, "direction": "buy", "amount": 0.1}, {"trade_seq": 3731, "trade_id": "124923219", "timestamp": 1612467976494, "tick_direction": 0, "price": 0.401, "mark_price": 0.40030887, "iv": 115.28, "instrument_name": "BTC-26MAR21-24000-C", "index_price": 37289.7, "direction": "buy", "amount": 1.0}, {"trade_seq": 3730, "trade_id": "124898647", "timestamp": 1612457416467, "tick_direction": 2, "price": 0.394, "mark_price": 0.39347152, "iv": 113.05, "instrument_name": "BTC-26MAR21-24000-C", "index_price": 36903.5, "direction": "buy", "amount": 1.0}, {"trade_seq": 3729, "trade_id": "124796534", "timestamp": 1612428194751, "tick_direction": 0, "price": 0.4195, "mark_price": 0.41682865, "iv": 120.76, "instrument_name": "BTC-26MAR21-24000-C", "index_price": 38273.85, "direction": "sell", "block_trade_id": "7370", "amount": 20.0}, {"trade_seq": 3728, "trade_id": "124675648", "timestamp": 1612377925977, "tick_direction": 3, "price": 0.4005, "mark_price": 0.40003502, "iv": 115.11, "instrument_name": "BTC-26MAR21-24000-C", "index_price": 37087.84, "direction": "buy", "amount": 0.1}, {"trade_seq": 3727, "trade_id": "124675587", "timestamp": 1612377920197, "tick_direction": 3, "price": 0.4005, "mark_price": 0.39999953, "iv": 115.14, "instrument_name": "BTC-26MAR21-24000-C", "index_price": 37089.12, "direction": "buy", "amount": 0.1}, {"trade_seq": 3726, "trade_id": "124675584", "timestamp": 1612377919898, "tick_direction": 2, "price": 0.4005, "mark_price": 0.39999953, "iv": 115.14, "instrument_name": "BTC-26MAR21-24000-C", "index_price": 37089.73, "direction": "buy", "amount": 0.2}, {"trade_seq": 3725, "trade_id": "124673942", "timestamp": 1612377558598, "tick_direction": 1, "price": 0.4025, "mark_price": 0.40159329, "iv": 115.68, "instrument_name": "BTC-26MAR21-24000-C", "index_price": 37200.25, "direction": "buy", "amount": 0.1}, {"trade_seq": 3724, "trade_id": "124673938", "timestamp": 1612377557849, "tick_direction": 1, "price": 0.4025, "mark_price": 0.40158892, "iv": 115.68, "instrument_name": "BTC-26MAR21-24000-C", "index_price": 37200.25, "direction": "buy", "amount": 0.1}, {"trade_seq": 3723, "trade_id": "124673932", "timestamp": 1612377557669, "tick_direction": 0, "price": 0.4025, "mark_price": 0.40158892, "iv": 115.68, "instrument_name": "BTC-26MAR21-24000-C", "index_price": 37196.58, "direction": "buy", "amount": 0.1}, {"trade_seq": 3722, "trade_id": "124657995", "timestamp": 1612372720288, "tick_direction": 1, "price": 0.4015, "mark_price": 0.40157256, "iv": 114.29, "instrument_name": "BTC-26MAR21-24000-C", "index_price": 37193.82, "direction": "buy", "amount": 0.1}, {"trade_seq": 3721, "trade_id": "124657992", "timestamp": 1612372720166, "tick_direction": 1, "price": 0.4015, "mark_price": 0.40157256, "iv": 114.29, "instrument_name": "BTC-26MAR21-24000-C", "index_price": 37193.82, "direction": "buy", "amount": 0.1}, {"trade_seq": 3720, "trade_id": "124657987", "timestamp": 1612372719953, "tick_direction": 1, "price": 0.4015, "mark_price": 0.40157256, "iv": 114.27, "instrument_name": "BTC-26MAR21-24000-C", "index_price": 37193.08, "direction": "buy", "amount": 0.1}, {"trade_seq": 3719, "trade_id": "124657903", "timestamp": 1612372703468, "tick_direction": 0, "price": 0.4015, "mark_price": 0.40170637, "iv": 114.05, "instrument_name": "BTC-26MAR21-24000-C", "index_price": 37205.5, "direction": "buy", "amount": 0.3}, {"trade_seq": 3718, "trade_id": "124505264", "timestamp": 1612317499427, "tick_direction": 2, "price": 0.374, "mark_price": 0.38190421, "iv": 103.78, "instrument_name": "BTC-26MAR21-24000-C", "index_price": 35896.48, "direction": "sell", "amount": 0.2}, {"trade_seq": 3717, "trade_id": "124462512", "timestamp": 1612295791359, "tick_direction": 0, "price": 0.379, "mark_price": 0.37839992, "iv": 115.05, "instrument_name": "BTC-26MAR21-24000-C", "index_price": 35812.04, "direction": "buy", "amount": 0.1}, {"trade_seq": 3716, "trade_id": "124442612", "timestamp": 1612288960453, "tick_direction": 3, "price": 0.3655, "mark_price": 0.36565978, "iv": 113.18, "instrument_name": "BTC-26MAR21-24000-C", "index_price": 34962.42, "direction": "buy", "amount": 0.2}, {"trade_seq": 3715, "trade_id": "124442515", "timestamp": 1612288902294, "tick_direction": 2, "price": 0.3655, "mark_price": 0.36545881, "iv": 113.42, "instrument_name": "BTC-26MAR21-24000-C", "index_price": 34952.29, "direction": "buy", "amount": 0.1}, {"trade_seq": 3714, "trade_id": "124430180", "timestamp": 1612283454281, "tick_direction": 1, "price": 0.366, "mark_price": 0.36591994, "iv": 112.99, "instrument_name": "BTC-26MAR21-24000-C", "index_price": 35043.71, "direction": "buy", "amount": 0.1}, {"trade_seq": 3713, "trade_id": "124430176", "timestamp": 1612283454114, "tick_direction": 0, "price": 0.366, "mark_price": 0.36591994, "iv": 112.99, "instrument_name": "BTC-26MAR21-24000-C", "index_price": 35043.71, "direction": "buy", "amount": 0.2}, {"trade_seq": 3712, "trade_id": "124429583", "timestamp": 1612283404510, "tick_direction": 1, "price": 0.364, "mark_price": 0.36383896, "iv": 113.18, "instrument_name": "BTC-26MAR21-24000-C", "index_price": 34912.06, "direction": "buy", "amount": 0.1}, {"trade_seq": 3711, "trade_id": "124429577", "timestamp": 1612283404394, "tick_direction": 0, "price": 0.364, "mark_price": 0.36383896, "iv": 113.18, "instrument_name": "BTC-26MAR21-24000-C", "index_price": 34912.06, "direction": "buy", "amount": 0.1}, {"trade_seq": 3710, "trade_id": "124424731", "timestamp": 1612282084111, "tick_direction": 3, "price": 0.362, "mark_price": 0.36195471, "iv": 113.05, "instrument_name": "BTC-26MAR21-24000-C", "index_price": 34804.71, "direction": "buy", "amount": 0.1}, {"trade_seq": 3709, "trade_id": "124424728", "timestamp": 1612282083981, "tick_direction": 2, "price": 0.362, "mark_price": 0.36195471, "iv": 113.06, "instrument_name": "BTC-26MAR21-24000-C", "index_price": 34803.23, "direction": "buy", "amount": 0.2}, {"trade_seq": 3708, "trade_id": "124406607", "timestamp": 1612277687061, "tick_direction": 1, "price": 0.3635, "mark_price": 0.36383469, "iv": 113.12, "instrument_name": "BTC-26MAR21-24000-C", "index_price": 34816.96, "direction": "buy", "amount": 0.1}, {"trade_seq": 3707, "trade_id": "124406603", "timestamp": 1612277687011, "tick_direction": 1, "price": 0.3635, "mark_price": 0.36383469, "iv": 113.12, "instrument_name": "BTC-26MAR21-24000-C", "index_price": 34816.96, "direction": "buy", "amount": 0.1}, {"trade_seq": 3706, "trade_id": "124406455", "timestamp": 1612277570379, "tick_direction": 1, "price": 0.3635, "mark_price": 0.36389884, "iv": 113.07, "instrument_name": "BTC-26MAR21-24000-C", "index_price": 34813.2, "direction": "buy", "amount": 0.1}, {"trade_seq": 3705, "trade_id": "124406453", "timestamp": 1612277570267, "tick_direction": 0, "price": 0.3635, "mark_price": 0.36392794, "iv": 113.07, "instrument_name": "BTC-26MAR21-24000-C", "index_price": 34813.2, "direction": "buy", "amount": 0.1}, {"trade_seq": 3704, "trade_id": "124406042", "timestamp": 1612277351347, "tick_direction": 1, "price": 0.363, "mark_price": 0.36347536, "iv": 112.94, "instrument_name": "BTC-26MAR21-24000-C", "index_price": 34792.07, "direction": "buy", "amount": 0.1}, {"trade_seq": 3703, "trade_id": "124406040", "timestamp": 1612277351292, "tick_direction": 0, "price": 0.363, "mark_price": 0.36347536, "iv": 112.94, "instrument_name": "BTC-26MAR21-24000-C", "index_price": 34792.07, "direction": "buy", "amount": 0.1}, {"trade_seq": 3702, "trade_id": "124239265", "timestamp": 1612224590517, "tick_direction": 2, "price": 0.342, "mark_price": 0.34151502, "iv": 112.59, "instrument_name": "BTC-26MAR21-24000-C", "index_price": 33664.9, "direction": "sell", "amount": 1.0}, {"trade_seq": 3701, "trade_id": "124207067", "timestamp": 1612206613155, "tick_direction": 1, "price": 0.3465, "mark_price": 0.34635833, "iv": 112.85, "instrument_name": "BTC-26MAR21-24000-C", "index_price": 33938.21, "direction": "buy", "amount": 0.1}, {"trade_seq": 3700, "trade_id": "124207065", "timestamp": 1612206613038, "tick_direction": 1, "price": 0.3465, "mark_price": 0.34635833, "iv": 112.87, "instrument_name": "BTC-26MAR21-24000-C", "index_price": 33933.27, "direction": "buy", "amount": 0.2}, {"trade_seq": 3699, "trade_id": "124207053", "timestamp": 1612206612837, "tick_direction": 0, "price": 0.3465, "mark_price": 0.34635833, "iv": 112.87, "instrument_name": "BTC-26MAR21-24000-C", "index_price": 33933.27, "direction": "buy", "amount": 0.1}, {"trade_seq": 3698, "trade_id": "124206440", "timestamp": 1612206363225, "tick_direction": 1, "price": 0.345, "mark_price": 0.34499386, "iv": 112.8, "instrument_name": "BTC-26MAR21-24000-C", "index_price": 33849.59, "direction": "buy", "amount": 0.1}, {"trade_seq": 3697, "trade_id": "124206432", "timestamp": 1612206362953, "tick_direction": 0, "price": 0.345, "mark_price": 0.3450137, "iv": 112.8, "instrument_name": "BTC-26MAR21-24000-C", "index_price": 33849.59, "direction": "buy", "amount": 0.1}, {"trade_seq": 3696, "trade_id": "124205951", "timestamp": 1612206021963, "tick_direction": 2, "price": 0.3425, "mark_price": 0.34326522, "iv": 112.37, "instrument_name": "BTC-26MAR21-24000-C", "index_price": 33732.11, "direction": "buy", "amount": 0.1}, {"trade_seq": 3695, "trade_id": "124192943", "timestamp": 1612202218675, "tick_direction": 0, "price": 0.349, "mark_price": 0.34899604, "iv": 114.42, "instrument_name": "BTC-26MAR21-24000-C", "index_price": 33988.75, "direction": "buy", "amount": 0.1}, {"trade_seq": 3694, "trade_id": "124191946", "timestamp": 1612202133473, "tick_direction": 2, "price": 0.348, "mark_price": 0.34769493, "iv": 114.55, "instrument_name": "BTC-26MAR21-24000-C", "index_price": 33917.2, "direction": "buy", "amount": 0.1}, {"trade_seq": 3693, "trade_id": "124191281", "timestamp": 1612202039109, "tick_direction": 2, "price": 0.3485, "mark_price": 0.34828188, "iv": 114.5, "instrument_name": "BTC-26MAR21-24000-C", "index_price": 33953.82, "direction": "buy", "amount": 0.3}, {"trade_seq": 3692, "trade_id": "124191149", "timestamp": 1612202034264, "tick_direction": 0, "price": 0.349, "mark_price": 0.34838949, "iv": 114.88, "instrument_name": "BTC-26MAR21-24000-C", "index_price": 33969.95, "direction": "buy", "amount": 0.1}, {"trade_seq": 3691, "trade_id": "124189392", "timestamp": 1612201974483, "tick_direction": 1, "price": 0.346, "mark_price": 0.34556865, "iv": 114.61, "instrument_name": "BTC-26MAR21-24000-C", "index_price": 33804.59, "direction": "buy", "amount": 0.1}, {"trade_seq": 3690, "trade_id": "124189380", "timestamp": 1612201973749, "tick_direction": 0, "price": 0.346, "mark_price": 0.34556865, "iv": 114.66, "instrument_name": "BTC-26MAR21-24000-C", "index_price": 33795.42, "direction": "buy", "amount": 0.1}, {"trade_seq": 3689, "trade_id": "124186331", "timestamp": 1612201441970, "tick_direction": 3, "price": 0.343, "mark_price": 0.34302128, "iv": 114.21, "instrument_name": "BTC-26MAR21-24000-C", "index_price": 33628.97, "direction": "buy", "amount": 0.1}, {"trade_seq": 3688, "trade_id": "124186314", "timestamp": 1612201437822, "tick_direction": 2, "price": 0.343, "mark_price": 0.34303118, "iv": 114.2, "instrument_name": "BTC-26MAR21-24000-C", "index_price": 33627.96, "direction": "buy", "amount": 0.1}, {"trade_seq": 3687, "trade_id": "124186173", "timestamp": 1612201360807, "tick_direction": 2, "price": 0.3435, "mark_price": 0.34367944, "iv": 114.08, "instrument_name": "BTC-26MAR21-24000-C", "index_price": 33675.12, "direction": "buy", "amount": 0.1}, {"trade_seq": 3686, "trade_id": "124185955", "timestamp": 1612201318392, "tick_direction": 0, "price": 0.344, "mark_price": 0.34385686, "iv": 114.36, "instrument_name": "BTC-26MAR21-24000-C", "index_price": 33687.31, "direction": "buy", "amount": 0.2}, {"trade_seq": 3685, "trade_id": "124184888", "timestamp": 1612200875486, "tick_direction": 2, "price": 0.3425, "mark_price": 0.34245556, "iv": 114.25, "instrument_name": "BTC-26MAR21-24000-C", "index_price": 33595.05, "direction": "buy", "amount": 0.1}, {"trade_seq": 3684, "trade_id": "124184420", "timestamp": 1612200655197, "tick_direction": 2, "price": 0.343, "mark_price": 0.34309273, "iv": 114.24, "instrument_name": "BTC-26MAR21-24000-C", "index_price": 33627.59, "direction": "buy", "amount": 0.1}, {"trade_seq": 3683, "trade_id": "124184255", "timestamp": 1612200636722, "tick_direction": 0, "price": 0.3435, "mark_price": 0.3437737, "iv": 114.04, "instrument_name": "BTC-26MAR21-24000-C", "index_price": 33660.43, "direction": "buy", "amount": 0.1}, {"trade_seq": 3682, "trade_id": "124183425", "timestamp": 1612200351912, "tick_direction": 1, "price": 0.341, "mark_price": 0.34109595, "iv": 114.25, "instrument_name": "BTC-26MAR21-24000-C", "index_price": 33504.21, "direction": "buy", "amount": 0.1}, {"trade_seq": 3681, "trade_id": "124183423", "timestamp": 1612200351741, "tick_direction": 1, "price": 0.341, "mark_price": 0.34107739, "iv": 114.25, "instrument_name": "BTC-26MAR21-24000-C", "index_price": 33504.21, "direction": "buy", "amount": 0.1}, {"trade_seq": 3680, "trade_id": "124183419", "timestamp": 1612200351656, "tick_direction": 1, "price": 0.341, "mark_price": 0.34107739, "iv": 114.25, "instrument_name": "BTC-26MAR21-24000-C", "index_price": 33504.21, "direction": "buy", "amount": 0.2}, {"trade_seq": 3679, "trade_id": "124183405", "timestamp": 1612200348325, "tick_direction": 0, "price": 0.341, "mark_price": 0.34107123, "iv": 114.27, "instrument_name": "BTC-26MAR21-24000-C", "index_price": 33502.49, "direction": "buy", "amount": 0.1}, {"trade_seq": 3678, "trade_id": "124180620", "timestamp": 1612199216978, "tick_direction": 3, "price": 0.3405, "mark_price": 0.34143061, "iv": 114.56, "instrument_name": "BTC-26MAR21-24000-C", "index_price": 33454.35, "direction": "buy", "amount": 0.1}, {"trade_seq": 3677, "trade_id": "124180618", "timestamp": 1612199216636, "tick_direction": 3, "price": 0.3405, "mark_price": 0.34146516, "iv": 114.56, "instrument_name": "BTC-26MAR21-24000-C", "index_price": 33454.35, "direction": "buy", "amount": 0.1}, {"trade_seq": 3676, "trade_id": "124180614", "timestamp": 1612199216159, "tick_direction": 2, "price": 0.3405, "mark_price": 0.34146516, "iv": 114.56, "instrument_name": "BTC-26MAR21-24000-C", "index_price": 33457.53, "direction": "buy", "amount": 0.2}, {"trade_seq": 3675, "trade_id": "124180575", "timestamp": 1612199191715, "tick_direction": 2, "price": 0.341, "mark_price": 0.34149974, "iv": 115.0, "instrument_name": "BTC-26MAR21-24000-C", "index_price": 33458.02, "direction": "buy", "amount": 0.1}, {"trade_seq": 3674, "trade_id": "123462256", "timestamp": 1611949041378, "tick_direction": 1, "price": 0.3715, "mark_price": 0.37161686, "iv": 123.57, "instrument_name": "BTC-26MAR21-24000-C", "index_price": 34490.43, "direction": "buy", "amount": 0.1}, {"trade_seq": 3673, "trade_id": "123462253", "timestamp": 1611949041196, "tick_direction": 1, "price": 0.3715, "mark_price": 0.37161686, "iv": 123.57, "instrument_name": "BTC-26MAR21-24000-C", "index_price": 34490.43, "direction": "buy", "amount": 0.1}, {"trade_seq": 3672, "trade_id": "123462243", "timestamp": 1611949041052, "tick_direction": 0, "price": 0.3715, "mark_price": 0.37161686, "iv": 123.57, "instrument_name": "BTC-26MAR21-24000-C", "index_price": 34490.43, "direction": "buy", "amount": 0.1}, {"trade_seq": 3671, "trade_id": "123460989", "timestamp": 1611948926098, "tick_direction": 2, "price": 0.3685, "mark_price": 0.36830486, "iv": 123.87, "instrument_name": "BTC-26MAR21-24000-C", "index_price": 34281.38, "direction": "buy", "amount": 0.1}, {"trade_seq": 3670, "trade_id": "123426818", "timestamp": 1611945104931, "tick_direction": 3, "price": 0.378, "mark_price": 0.38080248, "iv": 122.29, "instrument_name": "BTC-26MAR21-24000-C", "index_price": 35022.25, "direction": "buy", "amount": 1.1}, {"trade_seq": 3669, "trade_id": "123426817", "timestamp": 1611945104863, "tick_direction": 2, "price": 0.378, "mark_price": 0.3807929, "iv": 122.29, "instrument_name": "BTC-26MAR21-24000-C", "index_price": 35022.25, "direction": "buy", "amount": 4.9}, {"trade_seq": 3668, "trade_id": "123412956", "timestamp": 1611943814212, "tick_direction": 3, "price": 0.3915, "mark_price": 0.39124705, "iv": 126.45, "instrument_name": "BTC-26MAR21-24000-C", "index_price": 35753.84, "direction": "buy", "amount": 0.5}, {"trade_seq": 3667, "trade_id": "123412943", "timestamp": 1611943814139, "tick_direction": 3, "price": 0.3915, "mark_price": 0.39124705, "iv": 126.45, "instrument_name": "BTC-26MAR21-24000-C", "index_price": 35744.41, "direction": "buy", "amount": 0.1}, {"trade_seq": 3666, "trade_id": "123412521", "timestamp": 1611943723577, "tick_direction": 3, "price": 0.3915, "mark_price": 0.39146895, "iv": 126.38, "instrument_name": "BTC-26MAR21-24000-C", "index_price": 35755.41, "direction": "buy", "amount": 0.1}, {"trade_seq": 3665, "trade_id": "123412508", "timestamp": 1611943721758, "tick_direction": 3, "price": 0.3915, "mark_price": 0.3914803, "iv": 126.36, "instrument_name": "BTC-26MAR21-24000-C", "index_price": 35757.74, "direction": "buy", "amount": 0.2}, {"trade_seq": 3664, "trade_id": "123412507", "timestamp": 1611943721609, "tick_direction": 2, "price": 0.3915, "mark_price": 0.3914803, "iv": 126.36, "instrument_name": "BTC-26MAR21-24000-C", "index_price": 35757.74, "direction": "buy", "amount": 0.1}, {"trade_seq": 3663, "trade_id": "123383321", "timestamp": 1611939440119, "tick_direction": 1, "price": 0.396, "mark_price": 0.39601422, "iv": 126.43, "instrument_name": "BTC-26MAR21-24000-C", "index_price": 36071.27, "direction": "buy", "amount": 0.2}, {"trade_seq": 3662, "trade_id": "123383314", "timestamp": 1611939439693, "tick_direction": 0, "price": 0.396, "mark_price": 0.39605595, "iv": 126.48, "instrument_name": "BTC-26MAR21-24000-C", "index_price": 36071.27, "direction": "buy", "amount": 0.2}, {"trade_seq": 3661, "trade_id": "123383262", "timestamp": 1611939427579, "tick_direction": 0, "price": 0.3955, "mark_price": 0.396069, "iv": 125.83, "instrument_name": "BTC-26MAR21-24000-C", "index_price": 36062.3, "direction": "buy", "amount": 0.4}, {"trade_seq": 3660, "trade_id": "123383085", "timestamp": 1611939401517, "tick_direction": 3, "price": 0.3945, "mark_price": 0.39526444, "iv": 125.58, "instrument_name": "BTC-26MAR21-24000-C", "index_price": 35984.45, "direction": "buy", "amount": 0.6}, {"trade_seq": 3659, "trade_id": "123381403", "timestamp": 1611939303471, "tick_direction": 2, "price": 0.3945, "mark_price": 0.39484527, "iv": 126.43, "instrument_name": "BTC-26MAR21-24000-C", "index_price": 35949.99, "direction": "buy", "amount": 0.2}, {"trade_seq": 3658, "trade_id": "123375443", "timestamp": 1611939002829, "tick_direction": 1, "price": 0.403, "mark_price": 0.40428061, "iv": 125.91, "instrument_name": "BTC-26MAR21-24000-C", "index_price": 36604.36, "direction": "sell", "amount": 0.1}, {"trade_seq": 3657, "trade_id": "123375419", "timestamp": 1611939002586, "tick_direction": 0, "price": 0.403, "mark_price": 0.40428061, "iv": 125.91, "instrument_name": "BTC-26MAR21-24000-C", "index_price": 36604.36, "direction": "sell", "amount": 0.2}, {"trade_seq": 3656, "trade_id": "123371496", "timestamp": 1611938339488, "tick_direction": 2, "price": 0.4, "mark_price": 0.40709842, "iv": 118.56, "instrument_name": "BTC-26MAR21-24000-C", "index_price": 36801.67, "direction": "buy", "amount": 1.0}, {"trade_seq": 3655, "trade_id": "123348240", "timestamp": 1611935480796, "tick_direction": 3, "price": 0.411, "mark_price": 0.41141861, "iv": 129.4, "instrument_name": "BTC-26MAR21-24000-C", "index_price": 36992.99, "direction": "sell", "amount": 0.1}, {"trade_seq": 3654, "trade_id": "123348238", "timestamp": 1611935480682, "tick_direction": 3, "price": 0.411, "mark_price": 0.41141861, "iv": 129.4, "instrument_name": "BTC-26MAR21-24000-C", "index_price": 36992.99, "direction": "sell", "amount": 0.1}, {"trade_seq": 3653, "trade_id": "123348237", "timestamp": 1611935480432, "tick_direction": 2, "price": 0.411, "mark_price": 0.41141861, "iv": 129.27, "instrument_name": "BTC-26MAR21-24000-C", "index_price": 37001.6, "direction": "sell", "amount": 0.1}, {"trade_seq": 3652, "trade_id": "123330345", "timestamp": 1611932466316, "tick_direction": 2, "price": 0.415, "mark_price": 0.41550289, "iv": 128.46, "instrument_name": "BTC-26MAR21-24000-C", "index_price": 37349.73, "direction": "buy", "amount": 3.0}, {"trade_seq": 3651, "trade_id": "123300122", "timestamp": 1611930777839, "tick_direction": 3, "price": 0.4215, "mark_price": 0.42213565, "iv": 129.68, "instrument_name": "BTC-26MAR21-24000-C", "index_price": 37761.26, "direction": "sell", "amount": 0.1}, {"trade_seq": 3650, "trade_id": "123300118", "timestamp": 1611930777761, "tick_direction": 3, "price": 0.4215, "mark_price": 0.42213565, "iv": 129.68, "instrument_name": "BTC-26MAR21-24000-C", "index_price": 37761.26, "direction": "sell", "amount": 0.1}, {"trade_seq": 3649, "trade_id": "123300061", "timestamp": 1611930776606, "tick_direction": 2, "price": 0.4215, "mark_price": 0.42253279, "iv": 129.14, "instrument_name": "BTC-26MAR21-24000-C", "index_price": 37775.19, "direction": "sell", "amount": 0.1}, {"trade_seq": 3648, "trade_id": "123278078", "timestamp": 1611928628326, "tick_direction": 1, "price": 0.432, "mark_price": 0.43301898, "iv": 129.46, "instrument_name": "BTC-26MAR21-24000-C", "index_price": 38574.64, "direction": "buy", "amount": 0.1}, {"trade_seq": 3647, "trade_id": "123278074", "timestamp": 1611928628162, "tick_direction": 1, "price": 0.432, "mark_price": 0.43301898, "iv": 129.46, "instrument_name": "BTC-26MAR21-24000-C", "index_price": 38574.64, "direction": "buy", "amount": 0.2}, {"trade_seq": 3646, "trade_id": "123278071", "timestamp": 1611928627910, "tick_direction": 1, "price": 0.432, "mark_price": 0.43303679, "iv": 129.46, "instrument_name": "BTC-26MAR21-24000-C", "index_price": 38574.64, "direction": "buy", "amount": 0.1}, {"trade_seq": 3645, "trade_id": "123278025", "timestamp": 1611928627239, "tick_direction": 1, "price": 0.432, "mark_price": 0.43303679, "iv": 129.43, "instrument_name": "BTC-26MAR21-24000-C", "index_price": 38565.85, "direction": "buy", "amount": 0.2}, {"trade_seq": 3644, "trade_id": "123278023", "timestamp": 1611928626790, "tick_direction": 1, "price": 0.432, "mark_price": 0.43306589, "iv": 129.43, "instrument_name": "BTC-26MAR21-24000-C", "index_price": 38565.85, "direction": "buy", "amount": 0.2}, {"trade_seq": 3643, "trade_id": "123278011", "timestamp": 1611928626343, "tick_direction": 1, "price": 0.432, "mark_price": 0.43306589, "iv": 129.39, "instrument_name": "BTC-26MAR21-24000-C", "index_price": 38577.05, "direction": "buy", "amount": 0.9}, {"trade_seq": 3642, "trade_id": "123278010", "timestamp": 1611928626330, "tick_direction": 0, "price": 0.432, "mark_price": 0.43306589, "iv": 129.39, "instrument_name": "BTC-26MAR21-24000-C", "index_price": 38577.05, "direction": "buy", "amount": 1.3}, {"trade_seq": 3641, "trade_id": "123277036", "timestamp": 1611928572368, "tick_direction": 0, "price": 0.4165, "mark_price": 0.43291246, "iv": 104.83, "instrument_name": "BTC-26MAR21-24000-C", "index_price": 38561.44, "direction": "sell", "amount": 3.0}, {"trade_seq": 3640, "trade_id": "122939277", "timestamp": 1611910154942, "tick_direction": 0, "price": 0.3585, "mark_price": 0.35591806, "iv": 118.05, "instrument_name": "BTC-26MAR21-24000-C", "index_price": 34290.3, "direction": "buy", "amount": 9.0}, {"trade_seq": 3639, "trade_id": "122726315", "timestamp": 1611862588498, "tick_direction": 3, "price": 0.3355, "mark_price": 0.33577996, "iv": 119.93, "instrument_name": "BTC-26MAR21-24000-C", "index_price": 32710.05, "direction": "sell", "amount": 0.6}, {"trade_seq": 3638, "trade_id": "122726311", "timestamp": 1611862586711, "tick_direction": 2, "price": 0.3355, "mark_price": 0.33579099, "iv": 119.91, "instrument_name": "BTC-26MAR21-24000-C", "index_price": 32711.24, "direction": "sell", "amount": 0.6}, {"trade_seq": 3637, "trade_id": "122725936", "timestamp": 1611862499913, "tick_direction": 0, "price": 0.336, "mark_price": 0.33638679, "iv": 119.93, "instrument_name": "BTC-26MAR21-24000-C", "index_price": 32730.69, "direction": "sell", "amount": 0.6}, {"trade_seq": 3636, "trade_id": "122713791", "timestamp": 1611858203002, "tick_direction": 1, "price": 0.328, "mark_price": 0.32810762, "iv": 119.08, "instrument_name": "BTC-26MAR21-24000-C", "index_price": 32263.32, "direction": "sell", "amount": 0.2}, {"trade_seq": 3635, "trade_id": "122713784", "timestamp": 1611858202888, "tick_direction": 0, "price": 0.328, "mark_price": 0.32810762, "iv": 119.08, "instrument_name": "BTC-26MAR21-24000-C", "index_price": 32263.32, "direction": "sell", "amount": 0.4}, {"trade_seq": 3634, "trade_id": "122713704", "timestamp": 1611858158538, "tick_direction": 3, "price": 0.3275, "mark_price": 0.3277104, "iv": 118.96, "instrument_name": "BTC-26MAR21-24000-C", "index_price": 32235.89, "direction": "sell", "amount": 0.1}, {"trade_seq": 3633, "trade_id": "122713591", "timestamp": 1611858064904, "tick_direction": 2, "price": 0.3275, "mark_price": 0.32775764, "iv": 118.91, "instrument_name": "BTC-26MAR21-24000-C", "index_price": 32229.05, "direction": "sell", "amount": 0.1}, {"trade_seq": 3632, "trade_id": "122707467", "timestamp": 1611854813640, "tick_direction": 1, "price": 0.329, "mark_price": 0.32918303, "iv": 119.22, "instrument_name": "BTC-26MAR21-24000-C", "index_price": 32288.01, "direction": "sell", "amount": 0.1}, {"trade_seq": 3631, "trade_id": "122707464", "timestamp": 1611854813594, "tick_direction": 1, "price": 0.329, "mark_price": 0.32918303, "iv": 119.22, "instrument_name": "BTC-26MAR21-24000-C", "index_price": 32288.01, "direction": "sell", "amount": 0.2}, {"trade_seq": 3630, "trade_id": "122707427", "timestamp": 1611854788147, "tick_direction": 1, "price": 0.329, "mark_price": 0.3290372, "iv": 119.35, "instrument_name": "BTC-26MAR21-24000-C", "index_price": 32282.94, "direction": "sell", "amount": 0.1}, {"trade_seq": 3629, "trade_id": "122707420", "timestamp": 1611854781109, "tick_direction": 1, "price": 0.329, "mark_price": 0.32900764, "iv": 119.35, "instrument_name": "BTC-26MAR21-24000-C", "index_price": 32282.62, "direction": "sell", "amount": 0.1}, {"trade_seq": 3628, "trade_id": "122707417", "timestamp": 1611854779863, "tick_direction": 1, "price": 0.329, "mark_price": 0.32901132, "iv": 119.35, "instrument_name": "BTC-26MAR21-24000-C", "index_price": 32282.62, "direction": "sell", "amount": 0.1}, {"trade_seq": 3627, "trade_id": "122707414", "timestamp": 1611854779359, "tick_direction": 0, "price": 0.329, "mark_price": 0.32901132, "iv": 119.33, "instrument_name": "BTC-26MAR21-24000-C", "index_price": 32282.62, "direction": "sell", "amount": 0.1}, {"trade_seq": 3626, "trade_id": "122707301", "timestamp": 1611854756488, "tick_direction": 2, "price": 0.3285, "mark_price": 0.32882239, "iv": 119.06, "instrument_name": "BTC-26MAR21-24000-C", "index_price": 32253.69, "direction": "sell", "amount": 0.1}, {"trade_seq": 3625, "trade_id": "122707158", "timestamp": 1611854741001, "tick_direction": 2, "price": 0.329, "mark_price": 0.32931091, "iv": 119.08, "instrument_name": "BTC-26MAR21-24000-C", "index_price": 32281.26, "direction": "sell", "amount": 0.1}, {"trade_seq": 3624, "trade_id": "122705342", "timestamp": 1611853709723, "tick_direction": 1, "price": 0.3305, "mark_price": 0.33023055, "iv": 119.11, "instrument_name": "BTC-26MAR21-24000-C", "index_price": 32397.32, "direction": "sell", "amount": 0.1}, {"trade_seq": 3623, "trade_id": "122705325", "timestamp": 1611853709558, "tick_direction": 0, "price": 0.3305, "mark_price": 0.3302191, "iv": 119.11, "instrument_name": "BTC-26MAR21-24000-C", "index_price": 32397.32, "direction": "sell", "amount": 0.1}, {"trade_seq": 3622, "trade_id": "122682072", "timestamp": 1611847499627, "tick_direction": 1, "price": 0.326, "mark_price": 0.32616599, "iv": 118.11, "instrument_name": "BTC-26MAR21-24000-C", "index_price": 32144.74, "direction": "sell", "amount": 0.1}, {"trade_seq": 3621, "trade_id": "122682062", "timestamp": 1611847499296, "tick_direction": 1, "price": 0.326, "mark_price": 0.32621649, "iv": 118.11, "instrument_name": "BTC-26MAR21-24000-C", "index_price": 32144.74, "direction": "sell", "amount": 0.1}, {"trade_seq": 3620, "trade_id": "122682003", "timestamp": 1611847494250, "tick_direction": 0, "price": 0.326, "mark_price": 0.32553863, "iv": 118.65, "instrument_name": "BTC-26MAR21-24000-C", "index_price": 32124.44, "direction": "sell", "amount": 0.2}, {"trade_seq": 3619, "trade_id": "122681971", "timestamp": 1611847492813, "tick_direction": 0, "price": 0.3255, "mark_price": 0.32552459, "iv": 118.23, "instrument_name": "BTC-26MAR21-24000-C", "index_price": 32107.24, "direction": "sell", "amount": 0.2}, {"trade_seq": 3618, "trade_id": "122681894", "timestamp": 1611847462971, "tick_direction": 1, "price": 0.325, "mark_price": 0.32537467, "iv": 117.89, "instrument_name": "BTC-26MAR21-24000-C", "index_price": 32100.91, "direction": "sell", "amount": 0.1}, {"trade_seq": 3617, "trade_id": "122681875", "timestamp": 1611847456202, "tick_direction": 1, "price": 0.325, "mark_price": 0.32531155, "iv": 117.94, "instrument_name": "BTC-26MAR21-24000-C", "index_price": 32098.36, "direction": "sell", "amount": 0.1}, {"trade_seq": 3616, "trade_id": "122681872", "timestamp": 1611847456094, "tick_direction": 0, "price": 0.325, "mark_price": 0.32531155, "iv": 117.94, "instrument_name": "BTC-26MAR21-24000-C", "index_price": 32098.36, "direction": "sell", "amount": 0.1}, {"trade_seq": 3615, "trade_id": "122679232", "timestamp": 1611847153477, "tick_direction": 0, "price": 0.323, "mark_price": 0.3226856, "iv": 118.25, "instrument_name": "BTC-26MAR21-24000-C", "index_price": 31942.76, "direction": "sell", "amount": 0.1}, {"trade_seq": 3614, "trade_id": "122678751", "timestamp": 1611847037633, "tick_direction": 3, "price": 0.3225, "mark_price": 0.32199352, "iv": 118.3, "instrument_name": "BTC-26MAR21-24000-C", "index_price": 31915.38, "direction": "sell", "amount": 0.1}, {"trade_seq": 3613, "trade_id": "122678749", "timestamp": 1611847037417, "tick_direction": 3, "price": 0.3225, "mark_price": 0.32199352, "iv": 118.3, "instrument_name": "BTC-26MAR21-24000-C", "index_price": 31915.38, "direction": "sell", "amount": 0.1}, {"trade_seq": 3612, "trade_id": "122678747", "timestamp": 1611847036951, "tick_direction": 3, "price": 0.3225, "mark_price": 0.32209967, "iv": 118.3, "instrument_name": "BTC-26MAR21-24000-C", "index_price": 31916.02, "direction": "sell", "amount": 0.1}, {"trade_seq": 3611, "trade_id": "122678741", "timestamp": 1611847036832, "tick_direction": 2, "price": 0.3225, "mark_price": 0.32209967, "iv": 118.3, "instrument_name": "BTC-26MAR21-24000-C", "index_price": 31916.02, "direction": "sell", "amount": 0.1}, {"trade_seq": 3610, "trade_id": "122678721", "timestamp": 1611847027888, "tick_direction": 1, "price": 0.323, "mark_price": 0.32194509, "iv": 118.71, "instrument_name": "BTC-26MAR21-24000-C", "index_price": 31928.22, "direction": "sell", "amount": 0.1}, {"trade_seq": 3609, "trade_id": "122678714", "timestamp": 1611847026982, "tick_direction": 1, "price": 0.323, "mark_price": 0.32186375, "iv": 118.81, "instrument_name": "BTC-26MAR21-24000-C", "index_price": 31928.22, "direction": "sell", "amount": 0.1}, {"trade_seq": 3608, "trade_id": "122678708", "timestamp": 1611847026830, "tick_direction": 0, "price": 0.323, "mark_price": 0.32186375, "iv": 118.89, "instrument_name": "BTC-26MAR21-24000-C", "index_price": 31921.07, "direction": "sell", "amount": 0.3}, {"trade_seq": 3607, "trade_id": "122678326", "timestamp": 1611846961360, "tick_direction": 0, "price": 0.321, "mark_price": 0.32104558, "iv": 117.81, "instrument_name": "BTC-26MAR21-24000-C", "index_price": 31858.69, "direction": "sell", "amount": 0.1}, {"trade_seq": 3606, "trade_id": "122677655", "timestamp": 1611846675881, "tick_direction": 3, "price": 0.3205, "mark_price": 0.32066026, "iv": 117.66, "instrument_name": "BTC-26MAR21-24000-C", "index_price": 31817.37, "direction": "sell", "amount": 0.2}, {"trade_seq": 3605, "trade_id": "122677651", "timestamp": 1611846675714, "tick_direction": 3, "price": 0.3205, "mark_price": 0.32066026, "iv": 117.71, "instrument_name": "BTC-26MAR21-24000-C", "index_price": 31824.46, "direction": "sell", "amount": 0.1}, {"trade_seq": 3604, "trade_id": "122677648", "timestamp": 1611846675535, "tick_direction": 2, "price": 0.3205, "mark_price": 0.32065032, "iv": 117.71, "instrument_name": "BTC-26MAR21-24000-C", "index_price": 31824.46, "direction": "sell", "amount": 0.1}, {"trade_seq": 3603, "trade_id": "122673813", "timestamp": 1611846260177, "tick_direction": 0, "price": 0.3235, "mark_price": 0.32367243, "iv": 117.54, "instrument_name": "BTC-26MAR21-24000-C", "index_price": 32012.67, "direction": "sell", "amount": 0.6}, {"trade_seq": 3602, "trade_id": "122672946", "timestamp": 1611846012158, "tick_direction": 1, "price": 0.322, "mark_price": 0.3216993, "iv": 117.86, "instrument_name": "BTC-26MAR21-24000-C", "index_price": 31894.87, "direction": "sell", "amount": 0.1}, {"trade_seq": 3601, "trade_id": "122672944", "timestamp": 1611846011899, "tick_direction": 0, "price": 0.322, "mark_price": 0.3216993, "iv": 117.86, "instrument_name": "BTC-26MAR21-24000-C", "index_price": 31894.87, "direction": "sell", "amount": 0.1}, {"trade_seq": 3600, "trade_id": "122672886", "timestamp": 1611846000373, "tick_direction": 3, "price": 0.3215, "mark_price": 0.32155907, "iv": 117.56, "instrument_name": "BTC-26MAR21-24000-C", "index_price": 31881.46, "direction": "sell", "amount": 0.1}, {"trade_seq": 3599, "trade_id": "122672832", "timestamp": 1611845988000, "tick_direction": 2, "price": 0.3215, "mark_price": 0.32170211, "iv": 117.42, "instrument_name": "BTC-26MAR21-24000-C", "index_price": 31880.69, "direction": "sell", "amount": 0.1}, {"trade_seq": 3598, "trade_id": "122671671", "timestamp": 1611845663284, "tick_direction": 1, "price": 0.3225, "mark_price": 0.32279962, "iv": 117.47, "instrument_name": "BTC-26MAR21-24000-C", "index_price": 31937.28, "direction": "sell", "amount": 0.1}, {"trade_seq": 3597, "trade_id": "122671669", "timestamp": 1611845663229, "tick_direction": 1, "price": 0.3225, "mark_price": 0.32279962, "iv": 117.47, "instrument_name": "BTC-26MAR21-24000-C", "index_price": 31937.28, "direction": "sell", "amount": 0.1}, {"trade_seq": 3596, "trade_id": "122671667", "timestamp": 1611845663092, "tick_direction": 1, "price": 0.3225, "mark_price": 0.32279962, "iv": 117.47, "instrument_name": "BTC-26MAR21-24000-C", "index_price": 31937.28, "direction": "sell", "amount": 0.1}, {"trade_seq": 3595, "trade_id": "122671662", "timestamp": 1611845662638, "tick_direction": 1, "price": 0.3225, "mark_price": 0.32279962, "iv": 117.43, "instrument_name": "BTC-26MAR21-24000-C", "index_price": 31937.28, "direction": "sell", "amount": 0.1}, {"trade_seq": 3594, "trade_id": "122671278", "timestamp": 1611845491786, "tick_direction": 0, "price": 0.3225, "mark_price": 0.32263631, "iv": 117.61, "instrument_name": "BTC-26MAR21-24000-C", "index_price": 31916.19, "direction": "sell", "amount": 0.1}, {"trade_seq": 3593, "trade_id": "122668380", "timestamp": 1611844123985, "tick_direction": 3, "price": 0.322, "mark_price": 0.32209031, "iv": 118.26, "instrument_name": "BTC-26MAR21-24000-C", "index_price": 31849.96, "direction": "sell", "amount": 0.6}, {"trade_seq": 3592, "trade_id": "122668364", "timestamp": 1611844121815, "tick_direction": 2, "price": 0.322, "mark_price": 0.32211305, "iv": 118.24, "instrument_name": "BTC-26MAR21-24000-C", "index_price": 31854.46, "direction": "sell", "amount": 0.6}, {"trade_seq": 3591, "trade_id": "122668354", "timestamp": 1611844118571, "tick_direction": 0, "price": 0.3225, "mark_price": 0.32207364, "iv": 118.71, "instrument_name": "BTC-26MAR21-24000-C", "index_price": 31856.42, "direction": "sell", "amount": 0.1}, {"trade_seq": 3590, "trade_id": "122668330", "timestamp": 1611844108078, "tick_direction": 3, "price": 0.322, "mark_price": 0.3216318, "iv": 118.65, "instrument_name": "BTC-26MAR21-24000-C", "index_price": 31828.55, "direction": "sell", "amount": 0.2}, {"trade_seq": 3589, "trade_id": "122668327", "timestamp": 1611844107943, "tick_direction": 3, "price": 0.322, "mark_price": 0.3216318, "iv": 118.65, "instrument_name": "BTC-26MAR21-24000-C", "index_price": 31828.55, "direction": "sell", "amount": 0.1}, {"trade_seq": 3588, "trade_id": "122668322", "timestamp": 1611844107436, "tick_direction": 3, "price": 0.322, "mark_price": 0.32158098, "iv": 118.7, "instrument_name": "BTC-26MAR21-24000-C", "index_price": 31828.97, "direction": "sell", "amount": 0.1}, {"trade_seq": 3587, "trade_id": "122668320", "timestamp": 1611844107312, "tick_direction": 2, "price": 0.322, "mark_price": 0.32158098, "iv": 118.7, "instrument_name": "BTC-26MAR21-24000-C", "index_price": 31828.97, "direction": "sell", "amount": 0.1}, {"trade_seq": 3586, "trade_id": "122667718", "timestamp": 1611843948332, "tick_direction": 1, "price": 0.3225, "mark_price": 0.32264251, "iv": 118.42, "instrument_name": "BTC-26MAR21-24000-C", "index_price": 31865.51, "direction": "sell", "amount": 0.1}, {"trade_seq": 3585, "trade_id": "122667714", "timestamp": 1611843948123, "tick_direction": 1, "price": 0.3225, "mark_price": 0.32264251, "iv": 118.42, "instrument_name": "BTC-26MAR21-24000-C", "index_price": 31865.51, "direction": "sell", "amount": 0.1}, {"trade_seq": 3584, "trade_id": "122667701", "timestamp": 1611843945917, "tick_direction": 0, "price": 0.3225, "mark_price": 0.32255597, "iv": 118.46, "instrument_name": "BTC-26MAR21-24000-C", "index_price": 31869.37, "direction": "sell", "amount": 0.1}, {"trade_seq": 3583, "trade_id": "122667099", "timestamp": 1611843824110, "tick_direction": 0, "price": 0.3215, "mark_price": 0.32160722, "iv": 118.46, "instrument_name": "BTC-26MAR21-24000-C", "index_price": 31800.37, "direction": "sell", "amount": 0.1}, {"trade_seq": 3582, "trade_id": "122650418", "timestamp": 1611839530333, "tick_direction": 1, "price": 0.31, "mark_price": 0.31076608, "iv": 117.01, "instrument_name": "BTC-26MAR21-24000-C", "index_price": 31225.64, "direction": "buy", "amount": 0.5}, {"trade_seq": 3581, "trade_id": "122631599", "timestamp": 1611834554510, "tick_direction": 0, "price": 0.31, "mark_price": 0.31171999, "iv": 116.55, "instrument_name": "BTC-26MAR21-24000-C", "index_price": 31267.81, "direction": "buy", "amount": 0.6}, {"trade_seq": 3580, "trade_id": "122491418", "timestamp": 1611785264854, "tick_direction": 2, "price": 0.305, "mark_price": 0.3053844, "iv": 116.2, "instrument_name": "BTC-26MAR21-24000-C", "index_price": 30995.84, "direction": "buy", "amount": 0.6}, {"trade_seq": 3579, "trade_id": "122459605", "timestamp": 1611778767628, "tick_direction": 1, "price": 0.31, "mark_price": 0.31000891, "iv": 115.63, "instrument_name": "BTC-26MAR21-24000-C", "index_price": 31433.35, "direction": "buy", "amount": 4.5}, {"trade_seq": 3578, "trade_id": "122459438", "timestamp": 1611778755398, "tick_direction": 1, "price": 0.31, "mark_price": 0.31006912, "iv": 115.59, "instrument_name": "BTC-26MAR21-24000-C", "index_price": 31420.87, "direction": "buy", "amount": 0.2}, {"trade_seq": 3577, "trade_id": "122459428", "timestamp": 1611778755232, "tick_direction": 1, "price": 0.31, "mark_price": 0.31006912, "iv": 115.59, "instrument_name": "BTC-26MAR21-24000-C", "index_price": 31420.87, "direction": "buy", "amount": 0.3}, {"trade_seq": 3576, "trade_id": "122458877", "timestamp": 1611778738350, "tick_direction": 1, "price": 0.31, "mark_price": 0.31072677, "iv": 115.01, "instrument_name": "BTC-26MAR21-24000-C", "index_price": 31431.73, "direction": "buy", "amount": 0.2}, {"trade_seq": 3575, "trade_id": "122458872", "timestamp": 1611778738218, "tick_direction": 1, "price": 0.31, "mark_price": 0.31072677, "iv": 115.01, "instrument_name": "BTC-26MAR21-24000-C", "index_price": 31431.73, "direction": "buy", "amount": 0.2}, {"trade_seq": 3574, "trade_id": "122458750", "timestamp": 1611778735654, "tick_direction": 1, "price": 0.31, "mark_price": 0.31027422, "iv": 115.14, "instrument_name": "BTC-26MAR21-24000-C", "index_price": 31418.79, "direction": "buy", "amount": 0.2}, {"trade_seq": 3573, "trade_id": "122458747", "timestamp": 1611778735527, "tick_direction": 1, "price": 0.31, "mark_price": 0.31027422, "iv": 115.14, "instrument_name": "BTC-26MAR21-24000-C", "index_price": 31418.79, "direction": "buy", "amount": 0.2}, {"trade_seq": 3572, "trade_id": "122458732", "timestamp": 1611778735352, "tick_direction": 1, "price": 0.31, "mark_price": 0.31027422, "iv": 115.42, "instrument_name": "BTC-26MAR21-24000-C", "index_price": 31419.35, "direction": "buy", "amount": 0.1}, {"trade_seq": 3571, "trade_id": "122458615", "timestamp": 1611778734081, "tick_direction": 0, "price": 0.31, "mark_price": 0.31028144, "iv": 115.42, "instrument_name": "BTC-26MAR21-24000-C", "index_price": 31397.06, "direction": "buy", "amount": 0.1}, {"trade_seq": 3570, "trade_id": "122443969", "timestamp": 1611775828910, "tick_direction": 1, "price": 0.301, "mark_price": 0.30059036, "iv": 116.04, "instrument_name": "BTC-26MAR21-24000-C", "index_price": 30715.19, "direction": "sell", "amount": 0.5}, {"trade_seq": 3569, "trade_id": "122443953", "timestamp": 1611775824842, "tick_direction": 1, "price": 0.301, "mark_price": 0.3006665, "iv": 116.02, "instrument_name": "BTC-26MAR21-24000-C", "index_price": 30699.03, "direction": "sell", "amount": 0.2}, {"trade_seq": 3568, "trade_id": "122443952", "timestamp": 1611775824712, "tick_direction": 0, "price": 0.301, "mark_price": 0.3006665, "iv": 116.02, "instrument_name": "BTC-26MAR21-24000-C", "index_price": 30715.03, "direction": "sell", "amount": 0.5}, {"trade_seq": 3567, "trade_id": "122425511", "timestamp": 1611772844805, "tick_direction": 0, "price": 0.284, "mark_price": 0.28384791, "iv": 113.9, "instrument_name": "BTC-26MAR21-24000-C", "index_price": 29832.39, "direction": "sell", "amount": 0.1}, {"trade_seq": 3566, "trade_id": "122425416", "timestamp": 1611772817932, "tick_direction": 2, "price": 0.2835, "mark_price": 0.28368835, "iv": 113.62, "instrument_name": "BTC-26MAR21-24000-C", "index_price": 29829.62, "direction": "sell", "amount": 0.1}, {"trade_seq": 3565, "trade_id": "122425085", "timestamp": 1611772784040, "tick_direction": 2, "price": 0.2845, "mark_price": 0.2847391, "iv": 113.58, "instrument_name": "BTC-26MAR21-24000-C", "index_price": 29881.22, "direction": "sell", "amount": 0.1}, {"trade_seq": 3564, "trade_id": "122420720", "timestamp": 1611771581115, "tick_direction": 2, "price": 0.291, "mark_price": 0.29088671, "iv": 113.79, "instrument_name": "BTC-26MAR21-24000-C", "index_price": 30274.68, "direction": "sell", "amount": 0.1}, {"trade_seq": 3563, "trade_id": "122398417", "timestamp": 1611766142938, "tick_direction": 0, "price": 0.295, "mark_price": 0.29587764, "iv": 111.05, "instrument_name": "BTC-26MAR21-24000-C", "index_price": 30710.87, "direction": "sell", "amount": 0.1}, {"trade_seq": 3562, "trade_id": "122358504", "timestamp": 1611759301039, "tick_direction": 0, "price": 0.281, "mark_price": 0.2704945, "iv": 117.57, "instrument_name": "BTC-26MAR21-24000-C", "index_price": 29366.34, "direction": "buy", "amount": 0.2}, {"trade_seq": 3561, "trade_id": "122354697", "timestamp": 1611759145671, "tick_direction": 0, "price": 0.28, "mark_price": 0.26917963, "iv": 117.49, "instrument_name": "BTC-26MAR21-24000-C", "index_price": 29347.75, "direction": "sell", "amount": 0.2}, {"trade_seq": 3560, "trade_id": "122349321", "timestamp": 1611758895931, "tick_direction": 2, "price": 0.277, "mark_price": 0.26953217, "iv": 114.44, "instrument_name": "BTC-26MAR21-24000-C", "index_price": 29396.0, "direction": "buy", "amount": 0.3}, {"trade_seq": 3559, "trade_id": "122343206", "timestamp": 1611758608323, "tick_direction": 2, "price": 0.2785, "mark_price": 0.27129009, "iv": 114.06, "instrument_name": "BTC-26MAR21-24000-C", "index_price": 29505.39, "direction": "sell", "amount": 0.8}, {"trade_seq": 3558, "trade_id": "122342226", "timestamp": 1611758562612, "tick_direction": 2, "price": 0.279, "mark_price": 0.27214423, "iv": 113.77, "instrument_name": "BTC-26MAR21-24000-C", "index_price": 29545.61, "direction": "buy", "amount": 0.2}, {"trade_seq": 3557, "trade_id": "122335639", "timestamp": 1611758145331, "tick_direction": 2, "price": 0.2845, "mark_price": 0.2781168, "iv": 113.33, "instrument_name": "BTC-26MAR21-24000-C", "index_price": 29895.82, "direction": "buy", "amount": 0.3}, {"trade_seq": 3556, "trade_id": "122331902", "timestamp": 1611757857105, "tick_direction": 2, "price": 0.303, "mark_price": 0.28290063, "iv": 125.01, "instrument_name": "BTC-26MAR21-24000-C", "index_price": 30147.72, "direction": "buy", "amount": 0.3}, {"trade_seq": 3555, "trade_id": "122324731", "timestamp": 1611756329986, "tick_direction": 3, "price": 0.308, "mark_price": 0.28426143, "iv": 127.65, "instrument_name": "BTC-26MAR21-24000-C", "index_price": 30264.18, "direction": "buy", "amount": 0.1}, {"trade_seq": 3554, "trade_id": "122323777", "timestamp": 1611756242539, "tick_direction": 2, "price": 0.308, "mark_price": 0.28134674, "iv": 129.81, "instrument_name": "BTC-26MAR21-24000-C", "index_price": 30098.71, "direction": "buy", "amount": 0.3}, {"trade_seq": 3553, "trade_id": "122321789", "timestamp": 1611756179705, "tick_direction": 3, "price": 0.3115, "mark_price": 0.2834085, "iv": 131.17, "instrument_name": "BTC-26MAR21-24000-C", "index_price": 30201.81, "direction": "buy", "amount": 0.1}, {"trade_seq": 3552, "trade_id": "122321700", "timestamp": 1611756157131, "tick_direction": 3, "price": 0.3115, "mark_price": 0.28410439, "iv": 130.62, "instrument_name": "BTC-26MAR21-24000-C", "index_price": 30248.98, "direction": "buy", "amount": 0.2}, {"trade_seq": 3551, "trade_id": "122321637", "timestamp": 1611756134629, "tick_direction": 3, "price": 0.3115, "mark_price": 0.28417435, "iv": 130.57, "instrument_name": "BTC-26MAR21-24000-C", "index_price": 30255.44, "direction": "buy", "amount": 0.2}, {"trade_seq": 3550, "trade_id": "122321381", "timestamp": 1611756112998, "tick_direction": 3, "price": 0.3115, "mark_price": 0.28392124, "iv": 130.79, "instrument_name": "BTC-26MAR21-24000-C", "index_price": 30228.71, "direction": "buy", "amount": 0.2}, {"trade_seq": 3549, "trade_id": "122321257", "timestamp": 1611756091156, "tick_direction": 3, "price": 0.3115, "mark_price": 0.28391224, "iv": 130.78, "instrument_name": "BTC-26MAR21-24000-C", "index_price": 30234.66, "direction": "buy", "amount": 0.2}, {"trade_seq": 3548, "trade_id": "122319585", "timestamp": 1611755941468, "tick_direction": 3, "price": 0.3115, "mark_price": 0.28715468, "iv": 128.32, "instrument_name": "BTC-26MAR21-24000-C", "index_price": 30417.17, "direction": "buy", "amount": 0.2}, {"trade_seq": 3547, "trade_id": "122319552", "timestamp": 1611755919754, "tick_direction": 3, "price": 0.3115, "mark_price": 0.28711366, "iv": 128.35, "instrument_name": "BTC-26MAR21-24000-C", "index_price": 30422.14, "direction": "buy", "amount": 0.2}, {"trade_seq": 3546, "trade_id": "122319203", "timestamp": 1611755854987, "tick_direction": 3, "price": 0.3115, "mark_price": 0.28656711, "iv": 128.59, "instrument_name": "BTC-26MAR21-24000-C", "index_price": 30419.49, "direction": "buy", "amount": 0.1}, {"trade_seq": 3545, "trade_id": "122318740", "timestamp": 1611755810217, "tick_direction": 3, "price": 0.3115, "mark_price": 0.28679018, "iv": 128.63, "instrument_name": "BTC-26MAR21-24000-C", "index_price": 30412.28, "direction": "buy", "amount": 0.2}, {"trade_seq": 3544, "trade_id": "122318113", "timestamp": 1611755723235, "tick_direction": 2, "price": 0.3115, "mark_price": 0.28838452, "iv": 127.35, "instrument_name": "BTC-26MAR21-24000-C", "index_price": 30496.6, "direction": "buy", "amount": 0.3}, {"trade_seq": 3543, "trade_id": "122158313", "timestamp": 1611699755493, "tick_direction": 0, "price": 0.3165, "mark_price": 0.315973, "iv": 106.63, "instrument_name": "BTC-26MAR21-24000-C", "index_price": 32123.73, "direction": "buy", "amount": 0.1}, {"trade_seq": 3542, "trade_id": "122158111", "timestamp": 1611699599215, "tick_direction": 3, "price": 0.316, "mark_price": 0.31564544, "iv": 106.51, "instrument_name": "BTC-26MAR21-24000-C", "index_price": 32098.32, "direction": "buy", "amount": 0.1}, {"trade_seq": 3541, "trade_id": "122150680", "timestamp": 1611695561885, "tick_direction": 3, "price": 0.316, "mark_price": 0.31530969, "iv": 106.49, "instrument_name": "BTC-26MAR21-24000-C", "index_price": 32077.23, "direction": "buy", "amount": 0.1}, {"trade_seq": 3540, "trade_id": "122130037", "timestamp": 1611686614045, "tick_direction": 2, "price": 0.316, "mark_price": 0.3167327, "iv": 105.08, "instrument_name": "BTC-26MAR21-24000-C", "index_price": 32143.24, "direction": "sell", "amount": 0.2}, {"trade_seq": 3539, "trade_id": "122128179", "timestamp": 1611685840952, "tick_direction": 0, "price": 0.318, "mark_price": 0.31824402, "iv": 105.41, "instrument_name": "BTC-26MAR21-24000-C", "index_price": 32245.27, "direction": "sell", "amount": 0.1}, {"trade_seq": 3538, "trade_id": "122080924", "timestamp": 1611673793106, "tick_direction": 3, "price": 0.3025, "mark_price": 0.30170829, "iv": 103.7, "instrument_name": "BTC-26MAR21-24000-C", "index_price": 31435.59, "direction": "buy", "amount": 0.1}, {"trade_seq": 3537, "trade_id": "122080922", "timestamp": 1611673792987, "tick_direction": 3, "price": 0.3025, "mark_price": 0.30170829, "iv": 103.7, "instrument_name": "BTC-26MAR21-24000-C", "index_price": 31430.9, "direction": "buy", "amount": 0.3}, {"trade_seq": 3536, "trade_id": "122080912", "timestamp": 1611673790389, "tick_direction": 3, "price": 0.3025, "mark_price": 0.30177009, "iv": 103.62, "instrument_name": "BTC-26MAR21-24000-C", "index_price": 31436.31, "direction": "buy", "amount": 0.1}, {"trade_seq": 3535, "trade_id": "122080885", "timestamp": 1611673771976, "tick_direction": 3, "price": 0.3025, "mark_price": 0.30172777, "iv": 103.64, "instrument_name": "BTC-26MAR21-24000-C", "index_price": 31434.89, "direction": "buy", "amount": 0.2}, {"trade_seq": 3534, "trade_id": "122080862", "timestamp": 1611673761583, "tick_direction": 3, "price": 0.3025, "mark_price": 0.30198082, "iv": 103.39, "instrument_name": "BTC-26MAR21-24000-C", "index_price": 31443.05, "direction": "buy", "amount": 0.1}, {"trade_seq": 3533, "trade_id": "122080860", "timestamp": 1611673761302, "tick_direction": 2, "price": 0.3025, "mark_price": 0.30197987, "iv": 103.39, "instrument_name": "BTC-26MAR21-24000-C", "index_price": 31443.05, "direction": "buy", "amount": 0.1}, {"trade_seq": 3532, "trade_id": "122080835", "timestamp": 1611673747265, "tick_direction": 1, "price": 0.303, "mark_price": 0.30217112, "iv": 103.66, "instrument_name": "BTC-26MAR21-24000-C", "index_price": 31454.69, "direction": "buy", "amount": 0.2}, {"trade_seq": 3531, "trade_id": "122080825", "timestamp": 1611673746509, "tick_direction": 0, "price": 0.303, "mark_price": 0.30217112, "iv": 103.66, "instrument_name": "BTC-26MAR21-24000-C", "index_price": 31462.37, "direction": "buy", "amount": 0.4}, {"trade_seq": 3530, "trade_id": "122080109", "timestamp": 1611673582221, "tick_direction": 1, "price": 0.301, "mark_price": 0.30130355, "iv": 102.37, "instrument_name": "BTC-26MAR21-24000-C", "index_price": 31416.25, "direction": "buy", "amount": 0.1}, {"trade_seq": 3529, "trade_id": "122080106", "timestamp": 1611673582112, "tick_direction": 1, "price": 0.301, "mark_price": 0.30130355, "iv": 102.37, "instrument_name": "BTC-26MAR21-24000-C", "index_price": 31416.25, "direction": "buy", "amount": 0.1}, {"trade_seq": 3528, "trade_id": "122080087", "timestamp": 1611673578539, "tick_direction": 1, "price": 0.301, "mark_price": 0.30152244, "iv": 102.32, "instrument_name": "BTC-26MAR21-24000-C", "index_price": 31421.56, "direction": "buy", "amount": 0.1}, {"trade_seq": 3527, "trade_id": "122080051", "timestamp": 1611673574072, "tick_direction": 1, "price": 0.301, "mark_price": 0.30179618, "iv": 101.9, "instrument_name": "BTC-26MAR21-24000-C", "index_price": 31448.96, "direction": "buy", "amount": 0.2}, {"trade_seq": 3526, "trade_id": "122079884", "timestamp": 1611673539758, "tick_direction": 1, "price": 0.301, "mark_price": 0.3012041, "iv": 102.44, "instrument_name": "BTC-26MAR21-24000-C", "index_price": 31425.54, "direction": "buy", "amount": 0.1}, {"trade_seq": 3525, "trade_id": "122079819", "timestamp": 1611673528406, "tick_direction": 0, "price": 0.301, "mark_price": 0.30112903, "iv": 102.51, "instrument_name": "BTC-26MAR21-24000-C", "index_price": 31421.87, "direction": "buy", "amount": 0.1}, {"trade_seq": 3524, "trade_id": "122068813", "timestamp": 1611671901027, "tick_direction": 1, "price": 0.298, "mark_price": 0.29779797, "iv": 102.88, "instrument_name": "BTC-26MAR21-24000-C", "index_price": 31201.51, "direction": "buy", "amount": 0.1}, {"trade_seq": 3523, "trade_id": "122068808", "timestamp": 1611671900917, "tick_direction": 0, "price": 0.298, "mark_price": 0.29779797, "iv": 102.88, "instrument_name": "BTC-26MAR21-24000-C", "index_price": 31201.51, "direction": "buy", "amount": 0.1}, {"trade_seq": 3522, "trade_id": "122068739", "timestamp": 1611671893115, "tick_direction": 3, "price": 0.2975, "mark_price": 0.29769308, "iv": 102.52, "instrument_name": "BTC-26MAR21-24000-C", "index_price": 31192.5, "direction": "buy", "amount": 0.1}, {"trade_seq": 3521, "trade_id": "122068727", "timestamp": 1611671892691, "tick_direction": 3, "price": 0.2975, "mark_price": 0.29769308, "iv": 102.52, "instrument_name": "BTC-26MAR21-24000-C", "index_price": 31192.5, "direction": "buy", "amount": 0.1}