{"trades": [{"trade_seq": 140, "trade_id": "138540110", "timestamp": 1616631445529, "tick_direction": 2, "price": 0.7175, "mark_price": 0.7160953, "iv": 500.0, "instrument_name": "BTC-26MAR21-15000-C", "index_price": 52682.44, "direction": "buy", "amount": 0.1}, {"trade_seq": 139, "trade_id": "136191507", "timestamp": 1615824265943, "tick_direction": 2, "price": 0.731, "mark_price": 0.73245494, "iv": 0.0, "instrument_name": "BTC-26MAR21-15000-C", "index_price": 55763.92, "direction": "sell", "amount": 0.1}, {"trade_seq": 138, "trade_id": "136190790", "timestamp": 1615824176604, "tick_direction": 3, "price": 0.7315, "mark_price": 0.73274067, "iv": 0.0, "instrument_name": "BTC-26MAR21-15000-C", "index_price": 55834.77, "direction": "sell", "amount": 0.1}, {"trade_seq": 137, "trade_id": "136190692", "timestamp": 1615824173582, "tick_direction": 3, "price": 0.7315, "mark_price": 0.73287403, "iv": 0.0, "instrument_name": "BTC-26MAR21-15000-C", "index_price": 55856.37, "direction": "sell", "amount": 0.1}, {"trade_seq": 136, "trade_id": "136190643", "timestamp": 1615824165848, "tick_direction": 2, "price": 0.7315, "mark_price": 0.73293281, "iv": 0.0, "instrument_name": "BTC-26MAR21-15000-C", "index_price": 55866.58, "direction": "sell", "amount": 0.1}, {"trade_seq": 135, "trade_id": "135954358", "timestamp": 1615792651781, "tick_direction": 3, "price": 0.7415, "mark_price": 0.74284861, "iv": 0.0, "instrument_name": "BTC-26MAR21-15000-C", "index_price": 57861.95, "direction": "sell", "amount": 0.1}, {"trade_seq": 134, "trade_id": "135954089", "timestamp": 1615792646954, "tick_direction": 2, "price": 0.7415, "mark_price": 0.7428699, "iv": 0.0, "instrument_name": "BTC-26MAR21-15000-C", "index_price": 57855.85, "direction": "sell", "amount": 0.1}, {"trade_seq": 133, "trade_id": "135877567", "timestamp": 1615768073879, "tick_direction": 1, "price": 0.755, "mark_price": 0.75252909, "iv": 388.63, "instrument_name": "BTC-26MAR21-15000-C", "index_price": 59853.23, "direction": "buy", "amount": 0.4}, {"trade_seq": 132, "trade_id": "135877412", "timestamp": 1615768067568, "tick_direction": 1, "price": 0.755, "mark_price": 0.75246195, "iv": 390.39, "instrument_name": "BTC-26MAR21-15000-C", "index_price": 59836.77, "direction": "buy", "amount": 0.4}, {"trade_seq": 131, "trade_id": "135877381", "timestamp": 1615768059898, "tick_direction": 0, "price": 0.755, "mark_price": 0.75235737, "iv": 391.99, "instrument_name": "BTC-26MAR21-15000-C", "index_price": 59822.72, "direction": "buy", "amount": 0.6}, {"trade_seq": 130, "trade_id": "134899719", "timestamp": 1615424321726, "tick_direction": 0, "price": 0.732, "mark_price": 0.73298206, "iv": 0.0, "instrument_name": "BTC-26MAR21-15000-C", "index_price": 55536.57, "direction": "sell", "amount": 0.1}, {"trade_seq": 129, "trade_id": "133086351", "timestamp": 1614717452741, "tick_direction": 3, "price": 0.688, "mark_price": 0.68796697, "iv": 198.03, "instrument_name": "BTC-26MAR21-15000-C", "index_price": 47307.19, "direction": "sell", "amount": 0.9}, {"trade_seq": 128, "trade_id": "133086350", "timestamp": 1614717452741, "tick_direction": 2, "price": 0.688, "mark_price": 0.68796697, "iv": 198.03, "instrument_name": "BTC-26MAR21-15000-C", "index_price": 47307.19, "direction": "sell", "amount": 0.1}, {"trade_seq": 127, "trade_id": "127756138", "timestamp": 1613355292752, "tick_direction": 0, "price": 0.699, "mark_price": 0.69906315, "iv": 169.29, "instrument_name": "BTC-26MAR21-15000-C", "index_price": 47788.91, "direction": "sell", "amount": 0.1}, {"trade_seq": 126, "trade_id": "126630631", "timestamp": 1612974236137, "tick_direction": 0, "price": 0.6795, "mark_price": 0.67950399, "iv": 158.31, "instrument_name": "BTC-26MAR21-15000-C", "index_price": 44710.61, "direction": "buy", "amount": 0.1}, {"trade_seq": 125, "trade_id": "124887106", "timestamp": 1612453280173, "tick_direction": 0, "price": 0.602, "mark_price": 0.61043809, "iv": 0.0, "instrument_name": "BTC-26MAR21-15000-C", "index_price": 36634.46, "direction": "sell", "amount": 0.1}, {"trade_seq": 124, "trade_id": "120798492", "timestamp": 1611293707879, "tick_direction": 3, "price": 0.5525, "mark_price": 0.55385219, "iv": 130.66, "instrument_name": "BTC-26MAR21-15000-C", "index_price": 31722.54, "direction": "buy", "amount": 4.9}, {"trade_seq": 123, "trade_id": "120798236", "timestamp": 1611293651934, "tick_direction": 2, "price": 0.5525, "mark_price": 0.55319584, "iv": 132.31, "instrument_name": "BTC-26MAR21-15000-C", "index_price": 31682.72, "direction": "buy", "amount": 0.1}, {"trade_seq": 122, "trade_id": "118484231", "timestamp": 1610725811327, "tick_direction": 3, "price": 0.614, "mark_price": 0.61357098, "iv": 150.3, "instrument_name": "BTC-26MAR21-15000-C", "index_price": 35577.44, "direction": "sell", "amount": 0.1}, {"trade_seq": 121, "trade_id": "118483707", "timestamp": 1610725802800, "tick_direction": 2, "price": 0.614, "mark_price": 0.61467737, "iv": 147.88, "instrument_name": "BTC-26MAR21-15000-C", "index_price": 35668.44, "direction": "sell", "amount": 0.1}, {"trade_seq": 120, "trade_id": "114472599", "timestamp": 1610035915877, "tick_direction": 0, "price": 0.642, "mark_price": 0.64108172, "iv": 131.45, "instrument_name": "BTC-26MAR21-15000-C", "index_price": 39379.73, "direction": "buy", "amount": 0.1}, {"trade_seq": 119, "trade_id": "114442742", "timestamp": 1610031115282, "tick_direction": 0, "price": 0.629, "mark_price": 0.63178558, "iv": 113.99, "instrument_name": "BTC-26MAR21-15000-C", "index_price": 38421.38, "direction": "buy", "amount": 0.6}, {"trade_seq": 118, "trade_id": "111038580", "timestamp": 1609060811197, "tick_direction": 0, "price": 0.478, "mark_price": 0.49345313, "iv": 0.0, "instrument_name": "BTC-26MAR21-15000-C", "index_price": 27630.93, "direction": "buy", "amount": 0.1}, {"trade_seq": 117, "trade_id": "110778564", "timestamp": 1608967700885, "tick_direction": 0, "price": 0.44, "mark_price": 0.44273983, "iv": 84.54, "instrument_name": "BTC-26MAR21-15000-C", "index_price": 24917.8, "direction": "buy", "amount": 0.1}, {"trade_seq": 116, "trade_id": "109093343", "timestamp": 1608274081600, "tick_direction": 2, "price": 0.375, "mark_price": 0.39691929, "iv": 0.0, "instrument_name": "BTC-26MAR21-15000-C", "index_price": 22995.94, "direction": "sell", "amount": 0.5}, {"trade_seq": 115, "trade_id": "108952419", "timestamp": 1608229697872, "tick_direction": 2, "price": 0.39, "mark_price": 0.39723904, "iv": 75.27, "instrument_name": "BTC-26MAR21-15000-C", "index_price": 22917.5, "direction": "buy", "amount": 1.8}, {"trade_seq": 114, "trade_id": "108912631", "timestamp": 1608222447703, "tick_direction": 0, "price": 0.41, "mark_price": 0.41347976, "iv": 77.64, "instrument_name": "BTC-26MAR21-15000-C", "index_price": 23635.62, "direction": "buy", "amount": 0.1}, {"trade_seq": 113, "trade_id": "108846095", "timestamp": 1608209389482, "tick_direction": 0, "price": 0.391, "mark_price": 0.395228, "iv": 75.53, "instrument_name": "BTC-26MAR21-15000-C", "index_price": 22865.13, "direction": "buy", "amount": 0.1}, {"trade_seq": 112, "trade_id": "108835942", "timestamp": 1608205255350, "tick_direction": 3, "price": 0.3855, "mark_price": 0.38906657, "iv": 76.12, "instrument_name": "BTC-26MAR21-15000-C", "index_price": 22608.12, "direction": "buy", "amount": 0.2}, {"trade_seq": 111, "trade_id": "108835927", "timestamp": 1608205249418, "tick_direction": 3, "price": 0.3855, "mark_price": 0.38867148, "iv": 76.56, "instrument_name": "BTC-26MAR21-15000-C", "index_price": 22597.88, "direction": "buy", "amount": 0.1}, {"trade_seq": 110, "trade_id": "108835926", "timestamp": 1608205249289, "tick_direction": 2, "price": 0.3855, "mark_price": 0.38867148, "iv": 76.59, "instrument_name": "BTC-26MAR21-15000-C", "index_price": 22594.31, "direction": "buy", "amount": 0.1}, {"trade_seq": 109, "trade_id": "108766729", "timestamp": 1608196662883, "tick_direction": 0, "price": 0.4045, "mark_price": 0.40862435, "iv": 72.44, "instrument_name": "BTC-26MAR21-15000-C", "index_price": 23638.61, "direction": "buy", "amount": 0.2}, {"trade_seq": 108, "trade_id": "108765241", "timestamp": 1608196635563, "tick_direction": 0, "price": 0.402, "mark_price": 0.40570049, "iv": 73.61, "instrument_name": "BTC-26MAR21-15000-C", "index_price": 23512.92, "direction": "buy", "amount": 0.2}, {"trade_seq": 107, "trade_id": "108754520", "timestamp": 1608195988648, "tick_direction": 0, "price": 0.3905, "mark_price": 0.39459125, "iv": 74.04, "instrument_name": "BTC-26MAR21-15000-C", "index_price": 23031.71, "direction": "buy", "amount": 0.2}, {"trade_seq": 106, "trade_id": "108700959", "timestamp": 1608183966646, "tick_direction": 0, "price": 0.369, "mark_price": 0.37128678, "iv": 74.12, "instrument_name": "BTC-26MAR21-15000-C", "index_price": 22126.63, "direction": "buy", "amount": 0.2}, {"trade_seq": 105, "trade_id": "108700025", "timestamp": 1608183722581, "tick_direction": 0, "price": 0.3675, "mark_price": 0.36967139, "iv": 73.91, "instrument_name": "BTC-26MAR21-15000-C", "index_price": 22064.82, "direction": "buy", "amount": 0.2}, {"trade_seq": 104, "trade_id": "108698815", "timestamp": 1608183452399, "tick_direction": 2, "price": 0.366, "mark_price": 0.36839902, "iv": 73.58, "instrument_name": "BTC-26MAR21-15000-C", "index_price": 22017.98, "direction": "buy", "amount": 0.1}, {"trade_seq": 103, "trade_id": "108671798", "timestamp": 1608174725747, "tick_direction": 0, "price": 0.369, "mark_price": 0.37175661, "iv": 73.88, "instrument_name": "BTC-26MAR21-15000-C", "index_price": 22125.41, "direction": "buy", "amount": 0.1}, {"trade_seq": 102, "trade_id": "108650294", "timestamp": 1608170612540, "tick_direction": 2, "price": 0.358, "mark_price": 0.36012136, "iv": 73.81, "instrument_name": "BTC-26MAR21-15000-C", "index_price": 21669.59, "direction": "buy", "amount": 0.1}, {"trade_seq": 101, "trade_id": "108649277", "timestamp": 1608170451919, "tick_direction": 0, "price": 0.3605, "mark_price": 0.36285478, "iv": 73.58, "instrument_name": "BTC-26MAR21-15000-C", "index_price": 21765.77, "direction": "buy", "amount": 0.1}, {"trade_seq": 100, "trade_id": "108444030", "timestamp": 1608126781941, "tick_direction": 1, "price": 0.323, "mark_price": 0.32451084, "iv": 72.85, "instrument_name": "BTC-26MAR21-15000-C", "index_price": 20329.58, "direction": "buy", "amount": 0.2}, {"trade_seq": 99, "trade_id": "108443883", "timestamp": 1608126773099, "tick_direction": 0, "price": 0.323, "mark_price": 0.32463632, "iv": 72.73, "instrument_name": "BTC-26MAR21-15000-C", "index_price": 20335.19, "direction": "buy", "amount": 0.2}, {"trade_seq": 98, "trade_id": "108419588", "timestamp": 1608125460818, "tick_direction": 0, "price": 0.31, "mark_price": 0.31225434, "iv": 71.87, "instrument_name": "BTC-26MAR21-15000-C", "index_price": 19892.16, "direction": "buy", "amount": 0.2}, {"trade_seq": 97, "trade_id": "108419496", "timestamp": 1608125445135, "tick_direction": 1, "price": 0.3095, "mark_price": 0.3117746, "iv": 71.86, "instrument_name": "BTC-26MAR21-15000-C", "index_price": 19875.48, "direction": "buy", "amount": 0.2}, {"trade_seq": 96, "trade_id": "108419445", "timestamp": 1608125430591, "tick_direction": 0, "price": 0.3095, "mark_price": 0.31195621, "iv": 71.71, "instrument_name": "BTC-26MAR21-15000-C", "index_price": 19880.35, "direction": "buy", "amount": 0.2}, {"trade_seq": 95, "trade_id": "107898090", "timestamp": 1607856461730, "tick_direction": 0, "price": 0.2885, "mark_price": 0.29139584, "iv": 70.4, "instrument_name": "BTC-26MAR21-15000-C", "index_price": 19308.18, "direction": "buy", "amount": 0.2}, {"trade_seq": 94, "trade_id": "107898051", "timestamp": 1607856419960, "tick_direction": 0, "price": 0.288, "mark_price": 0.2909621, "iv": 70.35, "instrument_name": "BTC-26MAR21-15000-C", "index_price": 19291.67, "direction": "buy", "amount": 0.2}, {"trade_seq": 93, "trade_id": "107802225", "timestamp": 1607802443016, "tick_direction": 1, "price": 0.27, "mark_price": 0.27203553, "iv": 70.07, "instrument_name": "BTC-26MAR21-15000-C", "index_price": 18777.28, "direction": "sell", "amount": 7.8}, {"trade_seq": 92, "trade_id": "107802204", "timestamp": 1607802423487, "tick_direction": 1, "price": 0.27, "mark_price": 0.27196116, "iv": 70.11, "instrument_name": "BTC-26MAR21-15000-C", "index_price": 18776.13, "direction": "sell", "amount": 12.0}, {"trade_seq": 91, "trade_id": "107802203", "timestamp": 1607802423475, "tick_direction": 0, "price": 0.27, "mark_price": 0.27196116, "iv": 70.11, "instrument_name": "BTC-26MAR21-15000-C", "index_price": 18776.13, "direction": "buy", "amount": 0.2}, {"trade_seq": 90, "trade_id": "107802047", "timestamp": 1607802293768, "tick_direction": 1, "price": 0.2695, "mark_price": 0.27173665, "iv": 69.9, "instrument_name": "BTC-26MAR21-15000-C", "index_price": 18766.36, "direction": "sell", "amount": 3.8}, {"trade_seq": 89, "trade_id": "107802046", "timestamp": 1607802293767, "tick_direction": 1, "price": 0.2695, "mark_price": 0.27173665, "iv": 69.9, "instrument_name": "BTC-26MAR21-15000-C", "index_price": 18766.36, "direction": "sell", "amount": 16.0}, {"trade_seq": 88, "trade_id": "107802045", "timestamp": 1607802293765, "tick_direction": 0, "price": 0.2695, "mark_price": 0.27173665, "iv": 69.9, "instrument_name": "BTC-26MAR21-15000-C", "index_price": 18766.36, "direction": "buy", "amount": 0.2}, {"trade_seq": 87, "trade_id": "107802043", "timestamp": 1607802292739, "tick_direction": 1, "price": 0.269, "mark_price": 0.27173878, "iv": 69.56, "instrument_name": "BTC-26MAR21-15000-C", "index_price": 18765.44, "direction": "sell", "amount": 8.4}, {"trade_seq": 86, "trade_id": "107802038", "timestamp": 1607802282635, "tick_direction": 1, "price": 0.269, "mark_price": 0.27170382, "iv": 69.58, "instrument_name": "BTC-26MAR21-15000-C", "index_price": 18763.93, "direction": "sell", "amount": 0.4}, {"trade_seq": 85, "trade_id": "107802034", "timestamp": 1607802276570, "tick_direction": 1, "price": 0.269, "mark_price": 0.27172354, "iv": 69.57, "instrument_name": "BTC-26MAR21-15000-C", "index_price": 18764.15, "direction": "sell", "amount": 11.0}, {"trade_seq": 84, "trade_id": "107802033", "timestamp": 1607802276567, "tick_direction": 1, "price": 0.269, "mark_price": 0.27172354, "iv": 69.57, "instrument_name": "BTC-26MAR21-15000-C", "index_price": 18764.15, "direction": "buy", "amount": 0.2}, {"trade_seq": 83, "trade_id": "107802032", "timestamp": 1607802273317, "tick_direction": 1, "price": 0.269, "mark_price": 0.27173404, "iv": 69.56, "instrument_name": "BTC-26MAR21-15000-C", "index_price": 18765.24, "direction": "sell", "amount": 12.0}, {"trade_seq": 82, "trade_id": "107802031", "timestamp": 1607802273315, "tick_direction": 0, "price": 0.269, "mark_price": 0.27173404, "iv": 69.56, "instrument_name": "BTC-26MAR21-15000-C", "index_price": 18765.24, "direction": "buy", "amount": 8.0}, {"trade_seq": 81, "trade_id": "107802027", "timestamp": 1607802269621, "tick_direction": 0, "price": 0.2685, "mark_price": 0.27181335, "iv": 69.17, "instrument_name": "BTC-26MAR21-15000-C", "index_price": 18767.95, "direction": "buy", "amount": 0.2}, {"trade_seq": 80, "trade_id": "107795308", "timestamp": 1607799005402, "tick_direction": 0, "price": 0.2665, "mark_price": 0.27062827, "iv": 68.84, "instrument_name": "BTC-26MAR21-15000-C", "index_price": 18709.94, "direction": "buy", "amount": 0.2}, {"trade_seq": 79, "trade_id": "107774887", "timestamp": 1607786000196, "tick_direction": 2, "price": 0.2545, "mark_price": 0.25640681, "iv": 68.15, "instrument_name": "BTC-26MAR21-15000-C", "index_price": 18355.2, "direction": "buy", "amount": 0.2}, {"trade_seq": 78, "trade_id": "107773533", "timestamp": 1607784977363, "tick_direction": 0, "price": 0.255, "mark_price": 0.25702765, "iv": 68.19, "instrument_name": "BTC-26MAR21-15000-C", "index_price": 18367.18, "direction": "buy", "amount": 0.2}, {"trade_seq": 77, "trade_id": "107740752", "timestamp": 1607751964120, "tick_direction": 0, "price": 0.2545, "mark_price": 0.25632395, "iv": 68.34, "instrument_name": "BTC-26MAR21-15000-C", "index_price": 18330.91, "direction": "buy", "amount": 0.2}, {"trade_seq": 76, "trade_id": "107475543", "timestamp": 1607648009342, "tick_direction": 2, "price": 0.247, "mark_price": 0.24881582, "iv": 69.96, "instrument_name": "BTC-26MAR21-15000-C", "index_price": 17979.27, "direction": "sell", "amount": 0.2}, {"trade_seq": 75, "trade_id": "107450461", "timestamp": 1607635842605, "tick_direction": 1, "price": 0.2585, "mark_price": 0.26072631, "iv": 69.7, "instrument_name": "BTC-26MAR21-15000-C", "index_price": 18382.23, "direction": "buy", "amount": 0.2}, {"trade_seq": 74, "trade_id": "107442612", "timestamp": 1607630222621, "tick_direction": 0, "price": 0.2585, "mark_price": 0.26047328, "iv": 69.18, "instrument_name": "BTC-26MAR21-15000-C", "index_price": 18393.51, "direction": "buy", "amount": 0.2}, {"trade_seq": 73, "trade_id": "107407661", "timestamp": 1607614306488, "tick_direction": 3, "price": 0.246, "mark_price": 0.24762323, "iv": 69.4, "instrument_name": "BTC-26MAR21-15000-C", "index_price": 17982.32, "direction": "sell", "amount": 0.1}, {"trade_seq": 72, "trade_id": "107401245", "timestamp": 1607613059193, "tick_direction": 2, "price": 0.246, "mark_price": 0.24754384, "iv": 69.2, "instrument_name": "BTC-26MAR21-15000-C", "index_price": 17991.5, "direction": "sell", "amount": 0.2}, {"trade_seq": 71, "trade_id": "107359240", "timestamp": 1607597091019, "tick_direction": 2, "price": 0.2515, "mark_price": 0.25241179, "iv": 68.82, "instrument_name": "BTC-26MAR21-15000-C", "index_price": 18172.71, "direction": "sell", "amount": 0.2}, {"trade_seq": 70, "trade_id": "107206628", "timestamp": 1607514802593, "tick_direction": 0, "price": 0.2595, "mark_price": 0.26062624, "iv": 71.49, "instrument_name": "BTC-26MAR21-15000-C", "index_price": 18302.04, "direction": "buy", "amount": 0.2}, {"trade_seq": 69, "trade_id": "107135935", "timestamp": 1607500287640, "tick_direction": 3, "price": 0.247, "mark_price": 0.2484223, "iv": 69.9, "instrument_name": "BTC-26MAR21-15000-C", "index_price": 17919.84, "direction": "sell", "amount": 0.2}, {"trade_seq": 68, "trade_id": "107135498", "timestamp": 1607500278292, "tick_direction": 2, "price": 0.247, "mark_price": 0.24928295, "iv": 69.41, "instrument_name": "BTC-26MAR21-15000-C", "index_price": 17943.81, "direction": "sell", "amount": 0.2}, {"trade_seq": 67, "trade_id": "107053007", "timestamp": 1607476364702, "tick_direction": 2, "price": 0.2545, "mark_price": 0.25716201, "iv": 70.0, "instrument_name": "BTC-26MAR21-15000-C", "index_price": 18132.05, "direction": "sell", "amount": 0.2}, {"trade_seq": 66, "trade_id": "107003838", "timestamp": 1607468400690, "tick_direction": 2, "price": 0.261, "mark_price": 0.26721153, "iv": 69.75, "instrument_name": "BTC-26MAR21-15000-C", "index_price": 18343.52, "direction": "sell", "amount": 0.2}, {"trade_seq": 65, "trade_id": "107001124", "timestamp": 1607468370931, "tick_direction": 2, "price": 0.268, "mark_price": 0.27202404, "iv": 71.0, "instrument_name": "BTC-26MAR21-15000-C", "index_price": 18499.29, "direction": "sell", "amount": 0.2}, {"trade_seq": 64, "trade_id": "106980311", "timestamp": 1607459865646, "tick_direction": 2, "price": 0.2745, "mark_price": 0.27814277, "iv": 71.05, "instrument_name": "BTC-26MAR21-15000-C", "index_price": 18727.74, "direction": "sell", "amount": 0.2}, {"trade_seq": 63, "trade_id": "106938822", "timestamp": 1607436076339, "tick_direction": 1, "price": 0.284, "mark_price": 0.28452936, "iv": 73.72, "instrument_name": "BTC-26MAR21-15000-C", "index_price": 18925.69, "direction": "buy", "amount": 0.8}, {"trade_seq": 62, "trade_id": "106938821", "timestamp": 1607436076339, "tick_direction": 0, "price": 0.284, "mark_price": 0.28452936, "iv": 73.72, "instrument_name": "BTC-26MAR21-15000-C", "index_price": 18925.69, "direction": "buy", "amount": 0.2}, {"trade_seq": 61, "trade_id": "106927741", "timestamp": 1607432098864, "tick_direction": 0, "price": 0.277, "mark_price": 0.27860357, "iv": 73.04, "instrument_name": "BTC-26MAR21-15000-C", "index_price": 18719.37, "direction": "sell", "amount": 0.2}, {"trade_seq": 60, "trade_id": "106901729", "timestamp": 1607425286269, "tick_direction": 2, "price": 0.2765, "mark_price": 0.2808514, "iv": 71.6, "instrument_name": "BTC-26MAR21-15000-C", "index_price": 18765.89, "direction": "sell", "amount": 0.2}, {"trade_seq": 59, "trade_id": "106871203", "timestamp": 1607420340168, "tick_direction": 2, "price": 0.2835, "mark_price": 0.28671793, "iv": 72.02, "instrument_name": "BTC-26MAR21-15000-C", "index_price": 18960.19, "direction": "sell", "amount": 0.2}, {"trade_seq": 58, "trade_id": "106761041", "timestamp": 1607365132181, "tick_direction": 0, "price": 0.286, "mark_price": 0.29141929, "iv": 71.42, "instrument_name": "BTC-26MAR21-15000-C", "index_price": 19049.93, "direction": "sell", "amount": 0.2}, {"trade_seq": 57, "trade_id": "106439867", "timestamp": 1607122674824, "tick_direction": 2, "price": 0.2755, "mark_price": 0.28047542, "iv": 72.81, "instrument_name": "BTC-26MAR21-15000-C", "index_price": 18609.04, "direction": "sell", "amount": 0.2}, {"trade_seq": 56, "trade_id": "106426753", "timestamp": 1607118750303, "tick_direction": 3, "price": 0.282, "mark_price": 0.28660542, "iv": 73.27, "instrument_name": "BTC-26MAR21-15000-C", "index_price": 18791.95, "direction": "sell", "amount": 0.2}, {"trade_seq": 55, "trade_id": "106426343", "timestamp": 1607118650923, "tick_direction": 2, "price": 0.282, "mark_price": 0.28753123, "iv": 72.63, "instrument_name": "BTC-26MAR21-15000-C", "index_price": 18826.54, "direction": "sell", "amount": 0.2}, {"trade_seq": 54, "trade_id": "106395453", "timestamp": 1607099967813, "tick_direction": 2, "price": 0.2855, "mark_price": 0.29099817, "iv": 73.77, "instrument_name": "BTC-26MAR21-15000-C", "index_price": 18869.75, "direction": "sell", "amount": 13.1}, {"trade_seq": 53, "trade_id": "106373749", "timestamp": 1607092467644, "tick_direction": 1, "price": 0.293, "mark_price": 0.29821716, "iv": 73.89, "instrument_name": "BTC-26MAR21-15000-C", "index_price": 19139.86, "direction": "sell", "amount": 1.0}, {"trade_seq": 52, "trade_id": "106358027", "timestamp": 1607085886028, "tick_direction": 0, "price": 0.293, "mark_price": 0.29442947, "iv": 76.52, "instrument_name": "BTC-26MAR21-15000-C", "index_price": 18995.17, "direction": "buy", "amount": 0.1}, {"trade_seq": 51, "trade_id": "106349717", "timestamp": 1607084004379, "tick_direction": 2, "price": 0.2825, "mark_price": 0.28859328, "iv": 73.82, "instrument_name": "BTC-26MAR21-15000-C", "index_price": 18743.19, "direction": "sell", "amount": 4.4}, {"trade_seq": 50, "trade_id": "106339597", "timestamp": 1607082881851, "tick_direction": 2, "price": 0.2885, "mark_price": 0.29303486, "iv": 74.81, "instrument_name": "BTC-26MAR21-15000-C", "index_price": 18908.31, "direction": "sell", "amount": 0.2}, {"trade_seq": 49, "trade_id": "106324109", "timestamp": 1607078263078, "tick_direction": 0, "price": 0.293, "mark_price": 0.29525223, "iv": 75.87, "instrument_name": "BTC-26MAR21-15000-C", "index_price": 18997.07, "direction": "sell", "amount": 0.2}, {"trade_seq": 48, "trade_id": "106312916", "timestamp": 1607076966615, "tick_direction": 3, "price": 0.2915, "mark_price": 0.29639287, "iv": 73.96, "instrument_name": "BTC-26MAR21-15000-C", "index_price": 19002.36, "direction": "sell", "amount": 1.5}, {"trade_seq": 47, "trade_id": "106312914", "timestamp": 1607076966596, "tick_direction": 2, "price": 0.2915, "mark_price": 0.29639287, "iv": 73.96, "instrument_name": "BTC-26MAR21-15000-C", "index_price": 19002.36, "direction": "sell", "amount": 10.0}, {"trade_seq": 46, "trade_id": "106310189", "timestamp": 1607076754637, "tick_direction": 2, "price": 0.2965, "mark_price": 0.29970247, "iv": 74.99, "instrument_name": "BTC-26MAR21-15000-C", "index_price": 19144.07, "direction": "sell", "amount": 0.2}, {"trade_seq": 45, "trade_id": "106261166", "timestamp": 1607052870577, "tick_direction": 3, "price": 0.3, "mark_price": 0.30242901, "iv": 75.83, "instrument_name": "BTC-26MAR21-15000-C", "index_price": 19259.16, "direction": "sell", "amount": 4.1}, {"trade_seq": 44, "trade_id": "106261164", "timestamp": 1607052865685, "tick_direction": 3, "price": 0.3, "mark_price": 0.30241843, "iv": 75.84, "instrument_name": "BTC-26MAR21-15000-C", "index_price": 19259.03, "direction": "sell", "amount": 4.9}, {"trade_seq": 43, "trade_id": "106261163", "timestamp": 1607052865683, "tick_direction": 2, "price": 0.3, "mark_price": 0.30241843, "iv": 75.84, "instrument_name": "BTC-26MAR21-15000-C", "index_price": 19259.03, "direction": "sell", "amount": 11.0}, {"trade_seq": 42, "trade_id": "106253724", "timestamp": 1607048938645, "tick_direction": 3, "price": 0.303, "mark_price": 0.30563808, "iv": 75.7, "instrument_name": "BTC-26MAR21-15000-C", "index_price": 19369.61, "direction": "sell", "amount": 4.9}, {"trade_seq": 41, "trade_id": "106253723", "timestamp": 1607048938643, "tick_direction": 2, "price": 0.303, "mark_price": 0.30563808, "iv": 75.7, "instrument_name": "BTC-26MAR21-15000-C", "index_price": 19369.61, "direction": "sell", "amount": 11.0}, {"trade_seq": 40, "trade_id": "106222338", "timestamp": 1607026170277, "tick_direction": 0, "price": 0.304, "mark_price": 0.30729141, "iv": 74.87, "instrument_name": "BTC-26MAR21-15000-C", "index_price": 19422.67, "direction": "sell", "amount": 1.0}, {"trade_seq": 39, "trade_id": "106217375", "timestamp": 1607021694925, "tick_direction": 0, "price": 0.303, "mark_price": 0.30672048, "iv": 74.98, "instrument_name": "BTC-26MAR21-15000-C", "index_price": 19366.51, "direction": "sell", "amount": 4.9}, {"trade_seq": 38, "trade_id": "106118489", "timestamp": 1606986595530, "tick_direction": 0, "price": 0.298, "mark_price": 0.30160519, "iv": 74.07, "instrument_name": "BTC-26MAR21-15000-C", "index_price": 19193.54, "direction": "sell", "amount": 0.2}, {"trade_seq": 37, "trade_id": "105911147", "timestamp": 1606913050505, "tick_direction": 3, "price": 0.2875, "mark_price": 0.29212243, "iv": 74.12, "instrument_name": "BTC-26MAR21-15000-C", "index_price": 18812.53, "direction": "sell", "amount": 0.2}, {"trade_seq": 36, "trade_id": "105911107", "timestamp": 1606913045182, "tick_direction": 2, "price": 0.2875, "mark_price": 0.29223532, "iv": 74.06, "instrument_name": "BTC-26MAR21-15000-C", "index_price": 18817.56, "direction": "sell", "amount": 0.2}, {"trade_seq": 35, "trade_id": "105871763", "timestamp": 1606903979249, "tick_direction": 0, "price": 0.2945, "mark_price": 0.29741923, "iv": 74.51, "instrument_name": "BTC-26MAR21-15000-C", "index_price": 19015.98, "direction": "sell", "amount": 0.2}, {"trade_seq": 34, "trade_id": "105552954", "timestamp": 1606827677646, "tick_direction": 2, "price": 0.2765, "mark_price": 0.28352526, "iv": 75.61, "instrument_name": "BTC-26MAR21-15000-C", "index_price": 18314.2, "direction": "sell", "amount": 0.2}, {"trade_seq": 33, "trade_id": "105485143", "timestamp": 1606823050961, "tick_direction": 0, "price": 0.312, "mark_price": 0.31621909, "iv": 76.2, "instrument_name": "BTC-26MAR21-15000-C", "index_price": 19511.35, "direction": "buy", "amount": 0.2}, {"trade_seq": 32, "trade_id": "105468053", "timestamp": 1606822006728, "tick_direction": 2, "price": 0.302, "mark_price": 0.31075616, "iv": 73.13, "instrument_name": "BTC-26MAR21-15000-C", "index_price": 19268.97, "direction": "buy", "amount": 0.2}, {"trade_seq": 31, "trade_id": "105447077", "timestamp": 1606820151021, "tick_direction": 0, "price": 0.321, "mark_price": 0.32520115, "iv": 75.77, "instrument_name": "BTC-26MAR21-15000-C", "index_price": 19788.14, "direction": "buy", "amount": 0.2}, {"trade_seq": 30, "trade_id": "105441834", "timestamp": 1606818678431, "tick_direction": 0, "price": 0.319, "mark_price": 0.32311992, "iv": 75.41, "instrument_name": "BTC-26MAR21-15000-C", "index_price": 19754.74, "direction": "buy", "amount": 0.2}, {"trade_seq": 29, "trade_id": "105441337", "timestamp": 1606818600199, "tick_direction": 0, "price": 0.3185, "mark_price": 0.32364437, "iv": 74.64, "instrument_name": "BTC-26MAR21-15000-C", "index_price": 19774.25, "direction": "buy", "amount": 0.2}, {"trade_seq": 28, "trade_id": "105441044", "timestamp": 1606818530870, "tick_direction": 0, "price": 0.3175, "mark_price": 0.32233835, "iv": 74.87, "instrument_name": "BTC-26MAR21-15000-C", "index_price": 19733.03, "direction": "buy", "amount": 0.2}, {"trade_seq": 27, "trade_id": "105340538", "timestamp": 1606780536654, "tick_direction": 0, "price": 0.3135, "mark_price": 0.31831052, "iv": 73.7, "instrument_name": "BTC-26MAR21-15000-C", "index_price": 19707.13, "direction": "buy", "amount": 0.2}, {"trade_seq": 26, "trade_id": "105335866", "timestamp": 1606779324589, "tick_direction": 0, "price": 0.311, "mark_price": 0.31518704, "iv": 73.32, "instrument_name": "BTC-26MAR21-15000-C", "index_price": 19628.89, "direction": "buy", "amount": 0.2}, {"trade_seq": 25, "trade_id": "105267064", "timestamp": 1606756029935, "tick_direction": 0, "price": 0.294, "mark_price": 0.29824928, "iv": 72.75, "instrument_name": "BTC-26MAR21-15000-C", "index_price": 19049.7, "direction": "sell", "amount": 0.2}, {"trade_seq": 24, "trade_id": "104915109", "timestamp": 1606648166138, "tick_direction": 0, "price": 0.2645, "mark_price": 0.26205304, "iv": 71.12, "instrument_name": "BTC-26MAR21-15000-C", "index_price": 18190.01, "direction": "buy", "amount": 0.1}, {"trade_seq": 23, "trade_id": "104788111", "timestamp": 1606592466897, "tick_direction": 1, "price": 0.248, "mark_price": 0.24922209, "iv": 68.37, "instrument_name": "BTC-26MAR21-15000-C", "index_price": 17802.03, "direction": "sell", "amount": 0.2}, {"trade_seq": 22, "trade_id": "104788110", "timestamp": 1606592461584, "tick_direction": 0, "price": 0.248, "mark_price": 0.24925207, "iv": 68.36, "instrument_name": "BTC-26MAR21-15000-C", "index_price": 17801.38, "direction": "sell", "amount": 0.2}, {"trade_seq": 21, "trade_id": "104782780", "timestamp": 1606590247933, "tick_direction": 0, "price": 0.2475, "mark_price": 0.24815362, "iv": 68.8, "instrument_name": "BTC-26MAR21-15000-C", "index_price": 17758.59, "direction": "sell", "amount": 0.2}, {"trade_seq": 20, "trade_id": "104776815", "timestamp": 1606588258387, "tick_direction": 2, "price": 0.2465, "mark_price": 0.2456669, "iv": 69.13, "instrument_name": "BTC-26MAR21-15000-C", "index_price": 17712.25, "direction": "sell", "amount": 0.2}, {"trade_seq": 19, "trade_id": "104776281", "timestamp": 1606587948824, "tick_direction": 0, "price": 0.2475, "mark_price": 0.24604381, "iv": 69.44, "instrument_name": "BTC-26MAR21-15000-C", "index_price": 17725.46, "direction": "sell", "amount": 0.2}, {"trade_seq": 18, "trade_id": "104224955", "timestamp": 1606411521136, "tick_direction": 2, "price": 0.218, "mark_price": 0.21987833, "iv": 72.59, "instrument_name": "BTC-26MAR21-15000-C", "index_price": 16370.92, "direction": "sell", "amount": 0.2}, {"trade_seq": 17, "trade_id": "104027532", "timestamp": 1606379469123, "tick_direction": 2, "price": 0.2295, "mark_price": 0.23527624, "iv": 73.16, "instrument_name": "BTC-26MAR21-15000-C", "index_price": 16761.19, "direction": "buy", "amount": 0.2}, {"trade_seq": 16, "trade_id": "104017381", "timestamp": 1606379155728, "tick_direction": 2, "price": 0.2435, "mark_price": 0.24647616, "iv": 74.14, "instrument_name": "BTC-26MAR21-15000-C", "index_price": 17149.95, "direction": "sell", "amount": 0.2}, {"trade_seq": 15, "trade_id": "103897045", "timestamp": 1606361544031, "tick_direction": 2, "price": 0.2465, "mark_price": 0.24792146, "iv": 75.57, "instrument_name": "BTC-26MAR21-15000-C", "index_price": 17313.89, "direction": "sell", "amount": 0.2}, {"trade_seq": 14, "trade_id": "103897039", "timestamp": 1606361544020, "tick_direction": 2, "price": 0.2495, "mark_price": 0.24792146, "iv": 77.14, "instrument_name": "BTC-26MAR21-15000-C", "index_price": 17313.89, "direction": "sell", "amount": 0.2}, {"trade_seq": 13, "trade_id": "103852151", "timestamp": 1606357854538, "tick_direction": 2, "price": 0.2805, "mark_price": 0.28561142, "iv": 74.96, "instrument_name": "BTC-26MAR21-15000-C", "index_price": 18488.18, "direction": "sell", "amount": 0.2}, {"trade_seq": 12, "trade_id": "103714963", "timestamp": 1606322789094, "tick_direction": 0, "price": 0.296, "mark_price": 0.30277751, "iv": 74.93, "instrument_name": "BTC-26MAR21-15000-C", "index_price": 19022.04, "direction": "buy", "amount": 0.2}, {"trade_seq": 11, "trade_id": "103554041", "timestamp": 1606276430715, "tick_direction": 2, "price": 0.2935, "mark_price": 0.29851388, "iv": 76.03, "instrument_name": "BTC-26MAR21-15000-C", "index_price": 18836.15, "direction": "sell", "amount": 0.2}, {"trade_seq": 10, "trade_id": "103553269", "timestamp": 1606276362187, "tick_direction": 2, "price": 0.2945, "mark_price": 0.29886956, "iv": 76.54, "instrument_name": "BTC-26MAR21-15000-C", "index_price": 18848.21, "direction": "sell", "amount": 0.2}, {"trade_seq": 9, "trade_id": "103552391", "timestamp": 1606276342618, "tick_direction": 2, "price": 0.2955, "mark_price": 0.30031107, "iv": 76.15, "instrument_name": "BTC-26MAR21-15000-C", "index_price": 18884.25, "direction": "sell", "amount": 0.2}, {"trade_seq": 8, "trade_id": "103517768", "timestamp": 1606255057204, "tick_direction": 2, "price": 0.297, "mark_price": 0.30202203, "iv": 75.98, "instrument_name": "BTC-26MAR21-15000-C", "index_price": 18917.62, "direction": "sell", "amount": 0.2}, {"trade_seq": 7, "trade_id": "103508634", "timestamp": 1606253039572, "tick_direction": 2, "price": 0.2995, "mark_price": 0.30312789, "iv": 76.71, "instrument_name": "BTC-26MAR21-15000-C", "index_price": 18947.55, "direction": "sell", "amount": 0.2}, {"trade_seq": 6, "trade_id": "103501983", "timestamp": 1606250405652, "tick_direction": 0, "price": 0.301, "mark_price": 0.30582355, "iv": 76.21, "instrument_name": "BTC-26MAR21-15000-C", "index_price": 19042.44, "direction": "sell", "amount": 0.2}, {"trade_seq": 5, "trade_id": "103024610", "timestamp": 1606115431319, "tick_direction": 2, "price": 0.252, "mark_price": 0.28398068, "iv": 56.35, "instrument_name": "BTC-26MAR21-15000-C", "index_price": 18490.43, "direction": "sell", "amount": 0.1}, {"trade_seq": 4, "trade_id": "102188086", "timestamp": 1605792350331, "tick_direction": 0, "price": 0.253, "mark_price": 0.25802013, "iv": 66.43, "instrument_name": "BTC-26MAR21-15000-C", "index_price": 17936.07, "direction": "buy", "amount": 0.1}, {"trade_seq": 3, "trade_id": "102187162", "timestamp": 1605792173758, "tick_direction": 0, "price": 0.2525, "mark_price": 0.25800877, "iv": 66.33, "instrument_name": "BTC-26MAR21-15000-C", "index_price": 17910.37, "direction": "buy", "amount": 0.1}, {"trade_seq": 2, "trade_id": "100836362", "timestamp": 1605240191048, "tick_direction": 0, "price": 0.2085, "mark_price": 0.20866252, "iv": 63.39, "instrument_name": "BTC-26MAR21-15000-C", "index_price": 16437.12, "direction": "buy", "amount": 0.6}, {"trade_seq": 1, "trade_id": "100708516", "timestamp": 1605191637106, "tick_direction": 1, "price": 0.188, "mark_price": 0.18881503, "iv": 61.29, "instrument_name": "BTC-26MAR21-15000-C", "index_price": 15926.75, "direction": "sell", "amount": 5.0}], "has_more": false}