{"trades": [{"trade_seq": 24, "trade_id": "3189661", "timestamp": 1514022087051, "tick_direction": 3, "price": 0.7987, "mark_price": 0.82354017, "iv": 0.0, "instrument_name": "BTC-29DEC17-2500-C", "index_price": 14501.32, "direction": "buy", "amount": 0.2}, {"trade_seq": 23, "trade_id": "3189654", "timestamp": 1514022086676, "tick_direction": 2, "price": 0.7987, "mark_price": 0.82354017, "iv": 0.0, "instrument_name": "BTC-29DEC17-2500-C", "index_price": 14543.36, "direction": "buy", "amount": 1.0}, {"trade_seq": 22, "trade_id": "2969898", "timestamp": 1513717929216, "tick_direction": 2, "price": 0.856, "mark_price": 0.85939258, "iv": 0.0, "instrument_name": "BTC-29DEC17-2500-C", "index_price": 17448.72, "direction": "buy", "amount": 2.4}, {"trade_seq": 21, "trade_id": "2851169", "timestamp": 1513557259946, "tick_direction": 0, "price": 0.866, "mark_price": 0.86725027, "iv": 0.0, "instrument_name": "BTC-29DEC17-2500-C", "index_price": 18615.62, "direction": "sell", "amount": 1.0}, {"trade_seq": 20, "trade_id": "2211824", "timestamp": 1512664735402, "tick_direction": 2, "price": 0.8428, "mark_price": 0.84404242, "iv": 0.0, "instrument_name": "BTC-29DEC17-2500-C", "index_price": 15615.38, "direction": "buy", "amount": 1.0}, {"trade_seq": 19, "trade_id": "2211808", "timestamp": 1512664734995, "tick_direction": 0, "price": 0.844, "mark_price": 0.84404242, "iv": 0.0, "instrument_name": "BTC-29DEC17-2500-C", "index_price": 15828.56, "direction": "sell", "amount": 1.0}, {"trade_seq": 18, "trade_id": "2022165", "timestamp": 1512337026713, "tick_direction": 2, "price": 0.7689, "mark_price": 0.77071561, "iv": 0.0, "instrument_name": "BTC-29DEC17-2500-C", "index_price": 10948.92, "direction": "sell", "amount": 1.0}, {"trade_seq": 17, "trade_id": "1778808", "timestamp": 1511968646657, "tick_direction": 0, "price": 0.7774, "mark_price": 0.78038312, "iv": 0.0, "instrument_name": "BTC-29DEC17-2500-C", "index_price": 11227.13, "direction": "buy", "amount": 2.0}, {"trade_seq": 16, "trade_id": "901888", "timestamp": 1507862318953, "tick_direction": 0, "price": 0.6046, "mark_price": null, "iv": 175.28, "instrument_name": "BTC-29DEC17-2500-C", "index_price": 5748.52, "direction": "buy", "amount": 3.0}, {"trade_seq": 15, "trade_id": "850569", "timestamp": 1507450232182, "tick_direction": 0, "price": 0.453, "mark_price": null, "iv": 94.56, "instrument_name": "BTC-29DEC17-2500-C", "index_price": 4443.84, "direction": "buy", "amount": 1.3}, {"trade_seq": 14, "trade_id": "849286", "timestamp": 1507420467505, "tick_direction": 2, "price": 0.452, "mark_price": null, "iv": 94.33, "instrument_name": "BTC-29DEC17-2500-C", "index_price": 4434.77, "direction": "buy", "amount": 1.0}, {"trade_seq": 13, "trade_id": "849279", "timestamp": 1507420122714, "tick_direction": 0, "price": 0.453, "mark_price": null, "iv": 93.62, "instrument_name": "BTC-29DEC17-2500-C", "index_price": 4447.96, "direction": "buy", "amount": 1.0}, {"trade_seq": 12, "trade_id": "827829", "timestamp": 1507011337958, "tick_direction": 2, "price": 0.438, "mark_price": null, "iv": 95.11, "instrument_name": "BTC-29DEC17-2500-C", "index_price": 4286.94, "direction": "buy", "amount": 0.6}, {"trade_seq": 11, "trade_id": "827789", "timestamp": 1507011133161, "tick_direction": 2, "price": 0.4461, "mark_price": null, "iv": 104.57, "instrument_name": "BTC-29DEC17-2500-C", "index_price": 4293.38, "direction": "sell", "amount": 0.6}, {"trade_seq": 10, "trade_id": "824082", "timestamp": 1506941446683, "tick_direction": 0, "price": 0.454, "mark_price": null, "iv": 90.45, "instrument_name": "BTC-29DEC17-2500-C", "index_price": 4458.16, "direction": "buy", "amount": 1.0}, {"trade_seq": 9, "trade_id": "823606", "timestamp": 1506933590790, "tick_direction": 1, "price": 0.4522, "mark_price": null, "iv": 92.22, "instrument_name": "BTC-29DEC17-2500-C", "index_price": 4430.94, "direction": "buy", "amount": 1.6}, {"trade_seq": 8, "trade_id": "823598", "timestamp": 1506933546285, "tick_direction": 0, "price": 0.4522, "mark_price": null, "iv": 92.22, "instrument_name": "BTC-29DEC17-2500-C", "index_price": 4430.94, "direction": "buy", "amount": 0.6}, {"trade_seq": 7, "trade_id": "820373", "timestamp": 1506889642519, "tick_direction": 1, "price": 0.439, "mark_price": null, "iv": 92.16, "instrument_name": "BTC-29DEC17-2500-C", "index_price": 4310.04, "direction": "buy", "amount": 1.0}, {"trade_seq": 6, "trade_id": "820372", "timestamp": 1506889641783, "tick_direction": 1, "price": 0.439, "mark_price": null, "iv": 91.88, "instrument_name": "BTC-29DEC17-2500-C", "index_price": 4311.81, "direction": "buy", "amount": 0.6}, {"trade_seq": 5, "trade_id": "820371", "timestamp": 1506889640185, "tick_direction": 1, "price": 0.439, "mark_price": null, "iv": 91.88, "instrument_name": "BTC-29DEC17-2500-C", "index_price": 4311.81, "direction": "buy", "amount": 0.6}, {"trade_seq": 4, "trade_id": "820370", "timestamp": 1506889638723, "tick_direction": 1, "price": 0.439, "mark_price": null, "iv": 91.88, "instrument_name": "BTC-29DEC17-2500-C", "index_price": 4311.81, "direction": "buy", "amount": 0.6}, {"trade_seq": 3, "trade_id": "820369", "timestamp": 1506889637216, "tick_direction": 0, "price": 0.439, "mark_price": null, "iv": 91.88, "instrument_name": "BTC-29DEC17-2500-C", "index_price": 4311.81, "direction": "buy", "amount": 0.6}, {"trade_seq": 2, "trade_id": "386833", "timestamp": 1502606136373, "tick_direction": 0, "price": 0.4164, "mark_price": null, "iv": 80.01, "instrument_name": "BTC-29DEC17-2500-C", "index_price": 4057.51, "direction": "sell", "amount": 1.0}, {"trade_seq": 1, "trade_id": "345776", "timestamp": 1502140361667, "tick_direction": 1, "price": 0.3688, "mark_price": null, "iv": 102.95, "instrument_name": "BTC-29DEC17-2500-C", "index_price": 3346.56, "direction": "buy", "amount": 1.0}], "has_more": false}