{"trades": [{"trade_seq": 5186, "trade_id": "249098793", "timestamp": 1680227105544, "tick_direction": 0, "price": 0.2195, "mark_price": 0.21869147, "iv": 453.8, "instrument_name": "BTC-31MAR23-22000-C", "index_price": 28167.41, "direction": "sell", "amount": 0.1}, {"trade_seq": 5185, "trade_id": "249065069", "timestamp": 1680209490105, "tick_direction": 0, "price": 0.2175, "mark_price": 0.21753347, "iv": 0.0, "instrument_name": "BTC-31MAR23-22000-C", "index_price": 28131.22, "direction": "sell", "amount": 1.0}, {"trade_seq": 5184, "trade_id": "249049082", "timestamp": 1680203378065, "tick_direction": 1, "price": 0.2125, "mark_price": 0.21196662, "iv": 289.22, "instrument_name": "BTC-31MAR23-22000-C", "index_price": 27925.84, "direction": "sell", "amount": 0.7}, {"trade_seq": 5183, "trade_id": "249049081", "timestamp": 1680203377718, "tick_direction": 0, "price": 0.2125, "mark_price": 0.21196662, "iv": 289.22, "instrument_name": "BTC-31MAR23-22000-C", "index_price": 27925.84, "direction": "sell", "amount": 20.0}, {"trade_seq": 5182, "trade_id": "249041319", "timestamp": 1680200565839, "tick_direction": 1, "price": 0.2095, "mark_price": 0.20900392, "iv": 274.81, "instrument_name": "BTC-31MAR23-22000-C", "index_price": 27834.94, "direction": "sell", "amount": 3.8}, {"trade_seq": 5181, "trade_id": "249041303", "timestamp": 1680200564029, "tick_direction": 0, "price": 0.2095, "mark_price": 0.20911493, "iv": 266.01, "instrument_name": "BTC-31MAR23-22000-C", "index_price": 27834.63, "direction": "sell", "amount": 4.2}, {"trade_seq": 5180, "trade_id": "249037806", "timestamp": 1680199400006, "tick_direction": 2, "price": 0.208, "mark_price": 0.20832168, "iv": 0.0, "instrument_name": "BTC-31MAR23-22000-C", "index_price": 27808.92, "direction": "sell", "amount": 1.0}, {"trade_seq": 5179, "trade_id": "249037532", "timestamp": 1680199395427, "tick_direction": 1, "price": 0.209, "mark_price": 0.20964879, "iv": 0.0, "instrument_name": "BTC-31MAR23-22000-C", "index_price": 27857.17, "direction": "sell", "amount": 6.0}, {"trade_seq": 5178, "trade_id": "249037531", "timestamp": 1680199395427, "tick_direction": 0, "price": 0.209, "mark_price": 0.20964879, "iv": 0.0, "instrument_name": "BTC-31MAR23-22000-C", "index_price": 27857.17, "direction": "sell", "amount": 1.5}, {"trade_seq": 5177, "trade_id": "249036705", "timestamp": 1680199169727, "tick_direction": 1, "price": 0.2085, "mark_price": 0.20833752, "iv": 237.57, "instrument_name": "BTC-31MAR23-22000-C", "index_price": 27813.29, "direction": "sell", "amount": 4.0}, {"trade_seq": 5176, "trade_id": "249036316", "timestamp": 1680199062770, "tick_direction": 0, "price": 0.2085, "mark_price": 0.2083331, "iv": 238.67, "instrument_name": "BTC-31MAR23-22000-C", "index_price": 27810.69, "direction": "sell", "amount": 1.0}, {"trade_seq": 5175, "trade_id": "249035586", "timestamp": 1680198939278, "tick_direction": 2, "price": 0.207, "mark_price": 0.20715737, "iv": 226.01, "instrument_name": "BTC-31MAR23-22000-C", "index_price": 27766.3, "direction": "sell", "amount": 1.4}, {"trade_seq": 5174, "trade_id": "249035406", "timestamp": 1680198922217, "tick_direction": 2, "price": 0.208, "mark_price": 0.20774648, "iv": 247.73, "instrument_name": "BTC-31MAR23-22000-C", "index_price": 27791.45, "direction": "sell", "amount": 1.0}, {"trade_seq": 5173, "trade_id": "249035329", "timestamp": 1680198914584, "tick_direction": 2, "price": 0.2085, "mark_price": 0.20818546, "iv": 254.04, "instrument_name": "BTC-31MAR23-22000-C", "index_price": 27807.7, "direction": "sell", "amount": 1.0}, {"trade_seq": 5172, "trade_id": "249034906", "timestamp": 1680198776605, "tick_direction": 3, "price": 0.209, "mark_price": 0.20881332, "iv": 240.47, "instrument_name": "BTC-31MAR23-22000-C", "index_price": 27828.36, "direction": "sell", "amount": 1.0}, {"trade_seq": 5171, "trade_id": "249034616", "timestamp": 1680198689809, "tick_direction": 2, "price": 0.209, "mark_price": 0.20890262, "iv": 208.82, "instrument_name": "BTC-31MAR23-22000-C", "index_price": 27840.34, "direction": "sell", "amount": 1.4}, {"trade_seq": 5170, "trade_id": "249034574", "timestamp": 1680198668144, "tick_direction": 2, "price": 0.2095, "mark_price": 0.2093656, "iv": 248.6, "instrument_name": "BTC-31MAR23-22000-C", "index_price": 27853.02, "direction": "sell", "amount": 1.0}, {"trade_seq": 5169, "trade_id": "249031222", "timestamp": 1680197999465, "tick_direction": 3, "price": 0.21, "mark_price": 0.21025298, "iv": 0.0, "instrument_name": "BTC-31MAR23-22000-C", "index_price": 27902.4, "direction": "sell", "amount": 6.0}, {"trade_seq": 5168, "trade_id": "249031221", "timestamp": 1680197999465, "tick_direction": 2, "price": 0.21, "mark_price": 0.21025298, "iv": 0.0, "instrument_name": "BTC-31MAR23-22000-C", "index_price": 27902.4, "direction": "sell", "amount": 1.3}, {"trade_seq": 5167, "trade_id": "249023607", "timestamp": 1680197453857, "tick_direction": 2, "price": 0.2135, "mark_price": 0.2139816, "iv": 0.0, "instrument_name": "BTC-31MAR23-22000-C", "index_price": 28028.44, "direction": "sell", "amount": 1.0}, {"trade_seq": 5166, "trade_id": "249000887", "timestamp": 1680191341719, "tick_direction": 2, "price": 0.2205, "mark_price": 0.22050517, "iv": 0.0, "instrument_name": "BTC-31MAR23-22000-C", "index_price": 28261.16, "direction": "sell", "amount": 1.0}, {"trade_seq": 5165, "trade_id": "248992025", "timestamp": 1680188444402, "tick_direction": 3, "price": 0.2255, "mark_price": 0.22554539, "iv": 208.03, "instrument_name": "BTC-31MAR23-22000-C", "index_price": 28418.67, "direction": "sell", "amount": 2.5}, {"trade_seq": 5164, "trade_id": "248992024", "timestamp": 1680188444402, "tick_direction": 2, "price": 0.2255, "mark_price": 0.22554539, "iv": 208.03, "instrument_name": "BTC-31MAR23-22000-C", "index_price": 28418.67, "direction": "sell", "amount": 2.5}, {"trade_seq": 5163, "trade_id": "248981129", "timestamp": 1680185486643, "tick_direction": 0, "price": 0.227, "mark_price": 0.22667842, "iv": 248.89, "instrument_name": "BTC-31MAR23-22000-C", "index_price": 28459.75, "direction": "sell", "amount": 1.0}, {"trade_seq": 5162, "trade_id": "248980437", "timestamp": 1680185166853, "tick_direction": 2, "price": 0.2255, "mark_price": 0.22640007, "iv": 0.0, "instrument_name": "BTC-31MAR23-22000-C", "index_price": 28468.34, "direction": "sell", "amount": 0.1}, {"trade_seq": 5161, "trade_id": "248979955", "timestamp": 1680185009360, "tick_direction": 0, "price": 0.228, "mark_price": 0.22775351, "iv": 240.43, "instrument_name": "BTC-31MAR23-22000-C", "index_price": 28506.51, "direction": "sell", "amount": 1.0}, {"trade_seq": 5160, "trade_id": "248979574", "timestamp": 1680184925707, "tick_direction": 2, "price": 0.2275, "mark_price": 0.22771662, "iv": 0.0, "instrument_name": "BTC-31MAR23-22000-C", "index_price": 28487.95, "direction": "sell", "amount": 1.0}, {"trade_seq": 5159, "trade_id": "248979510", "timestamp": 1680184913682, "tick_direction": 3, "price": 0.228, "mark_price": 0.22807936, "iv": 0.0, "instrument_name": "BTC-31MAR23-22000-C", "index_price": 28507.53, "direction": "sell", "amount": 1.7}, {"trade_seq": 5158, "trade_id": "248979024", "timestamp": 1680184758700, "tick_direction": 3, "price": 0.228, "mark_price": 0.22785517, "iv": 226.11, "instrument_name": "BTC-31MAR23-22000-C", "index_price": 28503.7, "direction": "sell", "amount": 0.8}, {"trade_seq": 5157, "trade_id": "248976214", "timestamp": 1680184328640, "tick_direction": 2, "price": 0.228, "mark_price": 0.22840831, "iv": 0.0, "instrument_name": "BTC-31MAR23-22000-C", "index_price": 28527.65, "direction": "sell", "amount": 2.5}, {"trade_seq": 5156, "trade_id": "248976113", "timestamp": 1680184328271, "tick_direction": 2, "price": 0.2285, "mark_price": 0.22840831, "iv": 219.03, "instrument_name": "BTC-31MAR23-22000-C", "index_price": 28527.65, "direction": "sell", "amount": 3.0}, {"trade_seq": 5155, "trade_id": "248975978", "timestamp": 1680184318437, "tick_direction": 3, "price": 0.229, "mark_price": 0.22847592, "iv": 262.74, "instrument_name": "BTC-31MAR23-22000-C", "index_price": 28530.39, "direction": "sell", "amount": 0.3}, {"trade_seq": 5154, "trade_id": "248975911", "timestamp": 1680184289181, "tick_direction": 3, "price": 0.229, "mark_price": 0.22864045, "iv": 250.54, "instrument_name": "BTC-31MAR23-22000-C", "index_price": 28536.84, "direction": "sell", "amount": 0.1}, {"trade_seq": 5153, "trade_id": "248975907", "timestamp": 1680184289175, "tick_direction": 3, "price": 0.229, "mark_price": 0.22864045, "iv": 250.54, "instrument_name": "BTC-31MAR23-22000-C", "index_price": 28536.84, "direction": "sell", "amount": 0.3}, {"trade_seq": 5152, "trade_id": "248975906", "timestamp": 1680184289157, "tick_direction": 3, "price": 0.229, "mark_price": 0.22864045, "iv": 250.54, "instrument_name": "BTC-31MAR23-22000-C", "index_price": 28536.84, "direction": "sell", "amount": 2.3}, {"trade_seq": 5151, "trade_id": "248975905", "timestamp": 1680184289157, "tick_direction": 3, "price": 0.229, "mark_price": 0.22864045, "iv": 250.54, "instrument_name": "BTC-31MAR23-22000-C", "index_price": 28536.84, "direction": "sell", "amount": 2.9}, {"trade_seq": 5150, "trade_id": "248975867", "timestamp": 1680184276471, "tick_direction": 2, "price": 0.229, "mark_price": 0.22868809, "iv": 246.4, "instrument_name": "BTC-31MAR23-22000-C", "index_price": 28536.79, "direction": "sell", "amount": 0.1}, {"trade_seq": 5149, "trade_id": "248974351", "timestamp": 1680183497204, "tick_direction": 3, "price": 0.2295, "mark_price": 0.22903881, "iv": 257.38, "instrument_name": "BTC-31MAR23-22000-C", "index_price": 28549.75, "direction": "sell", "amount": 0.6}, {"trade_seq": 5148, "trade_id": "248974153", "timestamp": 1680183410094, "tick_direction": 3, "price": 0.2295, "mark_price": 0.22895454, "iv": 262.9, "instrument_name": "BTC-31MAR23-22000-C", "index_price": 28545.52, "direction": "sell", "amount": 0.8}, {"trade_seq": 5147, "trade_id": "248974027", "timestamp": 1680183372219, "tick_direction": 3, "price": 0.2295, "mark_price": 0.22941254, "iv": 222.55, "instrument_name": "BTC-31MAR23-22000-C", "index_price": 28561.87, "direction": "sell", "amount": 0.8}, {"trade_seq": 5146, "trade_id": "248973547", "timestamp": 1680183111151, "tick_direction": 2, "price": 0.2295, "mark_price": 0.22933651, "iv": 238.38, "instrument_name": "BTC-31MAR23-22000-C", "index_price": 28556.02, "direction": "sell", "amount": 0.8}, {"trade_seq": 5145, "trade_id": "248972758", "timestamp": 1680182758235, "tick_direction": 3, "price": 0.23, "mark_price": 0.22995983, "iv": 208.81, "instrument_name": "BTC-31MAR23-22000-C", "index_price": 28576.42, "direction": "sell", "amount": 1.3}, {"trade_seq": 5144, "trade_id": "248972632", "timestamp": 1680182704018, "tick_direction": 3, "price": 0.23, "mark_price": 0.22975465, "iv": 238.68, "instrument_name": "BTC-31MAR23-22000-C", "index_price": 28571.8, "direction": "sell", "amount": 0.9}, {"trade_seq": 5143, "trade_id": "248972216", "timestamp": 1680182555003, "tick_direction": 2, "price": 0.23, "mark_price": 0.22991167, "iv": 223.34, "instrument_name": "BTC-31MAR23-22000-C", "index_price": 28580.16, "direction": "sell", "amount": 0.8}, {"trade_seq": 5142, "trade_id": "248972051", "timestamp": 1680182439579, "tick_direction": 3, "price": 0.2305, "mark_price": 0.23037643, "iv": 216.69, "instrument_name": "BTC-31MAR23-22000-C", "index_price": 28599.3, "direction": "sell", "amount": 3.0}, {"trade_seq": 5141, "trade_id": "248971265", "timestamp": 1680181999825, "tick_direction": 2, "price": 0.2305, "mark_price": 0.2304132, "iv": 213.64, "instrument_name": "BTC-31MAR23-22000-C", "index_price": 28601.11, "direction": "sell", "amount": 3.0}, {"trade_seq": 5140, "trade_id": "248970064", "timestamp": 1680181291262, "tick_direction": 3, "price": 0.2315, "mark_price": 0.23137192, "iv": 222.84, "instrument_name": "BTC-31MAR23-22000-C", "index_price": 28637.68, "direction": "sell", "amount": 3.0}, {"trade_seq": 5139, "trade_id": "248969852", "timestamp": 1680181126254, "tick_direction": 2, "price": 0.2315, "mark_price": 0.23159996, "iv": 0.0, "instrument_name": "BTC-31MAR23-22000-C", "index_price": 28639.84, "direction": "sell", "amount": 3.0}, {"trade_seq": 5138, "trade_id": "248968958", "timestamp": 1680180621488, "tick_direction": 0, "price": 0.2325, "mark_price": 0.23236455, "iv": 223.26, "instrument_name": "BTC-31MAR23-22000-C", "index_price": 28673.41, "direction": "sell", "amount": 3.0}, {"trade_seq": 5137, "trade_id": "248965173", "timestamp": 1680178992006, "tick_direction": 1, "price": 0.23, "mark_price": 0.22931563, "iv": 263.66, "instrument_name": "BTC-31MAR23-22000-C", "index_price": 28590.37, "direction": "sell", "amount": 0.1}, {"trade_seq": 5136, "trade_id": "248965129", "timestamp": 1680178978913, "tick_direction": 0, "price": 0.23, "mark_price": 0.22961862, "iv": 242.4, "instrument_name": "BTC-31MAR23-22000-C", "index_price": 28599.04, "direction": "sell", "amount": 3.0}, {"trade_seq": 5135, "trade_id": "248962938", "timestamp": 1680178227230, "tick_direction": 3, "price": 0.229, "mark_price": 0.22853915, "iv": 249.31, "instrument_name": "BTC-31MAR23-22000-C", "index_price": 28574.18, "direction": "sell", "amount": 0.1}, {"trade_seq": 5134, "trade_id": "248962937", "timestamp": 1680178227230, "tick_direction": 3, "price": 0.229, "mark_price": 0.22853915, "iv": 249.31, "instrument_name": "BTC-31MAR23-22000-C", "index_price": 28574.18, "direction": "sell", "amount": 1.6}, {"trade_seq": 5133, "trade_id": "248962907", "timestamp": 1680178223936, "tick_direction": 3, "price": 0.229, "mark_price": 0.22862736, "iv": 241.7, "instrument_name": "BTC-31MAR23-22000-C", "index_price": 28578.63, "direction": "sell", "amount": 0.8}, {"trade_seq": 5132, "trade_id": "248962817", "timestamp": 1680178211943, "tick_direction": 2, "price": 0.229, "mark_price": 0.22879823, "iv": 226.3, "instrument_name": "BTC-31MAR23-22000-C", "index_price": 28587.01, "direction": "sell", "amount": 0.6}, {"trade_seq": 5131, "trade_id": "248962341", "timestamp": 1680178078926, "tick_direction": 3, "price": 0.2295, "mark_price": 0.2291472, "iv": 240.21, "instrument_name": "BTC-31MAR23-22000-C", "index_price": 28596.19, "direction": "buy", "amount": 0.3}, {"trade_seq": 5130, "trade_id": "248962340", "timestamp": 1680178078924, "tick_direction": 3, "price": 0.2295, "mark_price": 0.2291472, "iv": 240.21, "instrument_name": "BTC-31MAR23-22000-C", "index_price": 28596.19, "direction": "sell", "amount": 1.2}, {"trade_seq": 5129, "trade_id": "248962328", "timestamp": 1680178062910, "tick_direction": 2, "price": 0.2295, "mark_price": 0.22921146, "iv": 234.71, "instrument_name": "BTC-31MAR23-22000-C", "index_price": 28597.76, "direction": "sell", "amount": 0.3}, {"trade_seq": 5128, "trade_id": "248961768", "timestamp": 1680177874517, "tick_direction": 3, "price": 0.23, "mark_price": 0.22944653, "iv": 253.77, "instrument_name": "BTC-31MAR23-22000-C", "index_price": 28601.15, "direction": "sell", "amount": 3.0}, {"trade_seq": 5127, "trade_id": "248961767", "timestamp": 1680177874517, "tick_direction": 3, "price": 0.23, "mark_price": 0.22944653, "iv": 253.77, "instrument_name": "BTC-31MAR23-22000-C", "index_price": 28601.15, "direction": "sell", "amount": 3.0}, {"trade_seq": 5126, "trade_id": "248961766", "timestamp": 1680177874517, "tick_direction": 3, "price": 0.23, "mark_price": 0.22944653, "iv": 253.77, "instrument_name": "BTC-31MAR23-22000-C", "index_price": 28601.15, "direction": "sell", "amount": 3.0}, {"trade_seq": 5125, "trade_id": "248961765", "timestamp": 1680177874517, "tick_direction": 3, "price": 0.23, "mark_price": 0.22944653, "iv": 253.77, "instrument_name": "BTC-31MAR23-22000-C", "index_price": 28601.15, "direction": "sell", "amount": 0.8}, {"trade_seq": 5124, "trade_id": "248961689", "timestamp": 1680177848915, "tick_direction": 2, "price": 0.23, "mark_price": 0.2295684, "iv": 245.69, "instrument_name": "BTC-31MAR23-22000-C", "index_price": 28605.13, "direction": "sell", "amount": 2.2}, {"trade_seq": 5123, "trade_id": "248961202", "timestamp": 1680177750942, "tick_direction": 2, "price": 0.2305, "mark_price": 0.22996361, "iv": 252.61, "instrument_name": "BTC-31MAR23-22000-C", "index_price": 28625.16, "direction": "sell", "amount": 3.0}, {"trade_seq": 5122, "trade_id": "248961089", "timestamp": 1680177735382, "tick_direction": 1, "price": 0.231, "mark_price": 0.23024381, "iv": 265.36, "instrument_name": "BTC-31MAR23-22000-C", "index_price": 28637.3, "direction": "sell", "amount": 0.2}, {"trade_seq": 5121, "trade_id": "248961086", "timestamp": 1680177735347, "tick_direction": 1, "price": 0.231, "mark_price": 0.23024381, "iv": 265.36, "instrument_name": "BTC-31MAR23-22000-C", "index_price": 28637.42, "direction": "sell", "amount": 0.1}, {"trade_seq": 5120, "trade_id": "248961081", "timestamp": 1680177732138, "tick_direction": 1, "price": 0.231, "mark_price": 0.23029053, "iv": 262.81, "instrument_name": "BTC-31MAR23-22000-C", "index_price": 28638.51, "direction": "sell", "amount": 0.1}, {"trade_seq": 5119, "trade_id": "248961080", "timestamp": 1680177731063, "tick_direction": 1, "price": 0.231, "mark_price": 0.23029257, "iv": 263.79, "instrument_name": "BTC-31MAR23-22000-C", "index_price": 28638.65, "direction": "sell", "amount": 0.1}, {"trade_seq": 5118, "trade_id": "248961078", "timestamp": 1680177730242, "tick_direction": 1, "price": 0.231, "mark_price": 0.23028439, "iv": 263.12, "instrument_name": "BTC-31MAR23-22000-C", "index_price": 28637.86, "direction": "sell", "amount": 0.2}, {"trade_seq": 5117, "trade_id": "248961049", "timestamp": 1680177727403, "tick_direction": 1, "price": 0.231, "mark_price": 0.23045568, "iv": 251.73, "instrument_name": "BTC-31MAR23-22000-C", "index_price": 28642.11, "direction": "sell", "amount": 2.3}, {"trade_seq": 5116, "trade_id": "248961048", "timestamp": 1680177727403, "tick_direction": 1, "price": 0.231, "mark_price": 0.23045568, "iv": 251.73, "instrument_name": "BTC-31MAR23-22000-C", "index_price": 28642.11, "direction": "sell", "amount": 2.8}, {"trade_seq": 5115, "trade_id": "248959737", "timestamp": 1680177160536, "tick_direction": 1, "price": 0.231, "mark_price": 0.23045505, "iv": 252.25, "instrument_name": "BTC-31MAR23-22000-C", "index_price": 28646.24, "direction": "sell", "amount": 0.1}, {"trade_seq": 5114, "trade_id": "248959632", "timestamp": 1680177112526, "tick_direction": 0, "price": 0.231, "mark_price": 0.2306317, "iv": 239.48, "instrument_name": "BTC-31MAR23-22000-C", "index_price": 28653.78, "direction": "sell", "amount": 0.1}, {"trade_seq": 5113, "trade_id": "248946861", "timestamp": 1680173463080, "tick_direction": 1, "price": 0.2295, "mark_price": 0.2290241, "iv": 239.37, "instrument_name": "BTC-31MAR23-22000-C", "index_price": 28557.14, "direction": "sell", "amount": 0.1}, {"trade_seq": 5112, "trade_id": "248946759", "timestamp": 1680173408061, "tick_direction": 1, "price": 0.2295, "mark_price": 0.22912962, "iv": 231.61, "instrument_name": "BTC-31MAR23-22000-C", "index_price": 28561.34, "direction": "sell", "amount": 0.5}, {"trade_seq": 5111, "trade_id": "248946713", "timestamp": 1680173386140, "tick_direction": 1, "price": 0.2295, "mark_price": 0.22917825, "iv": 227.69, "instrument_name": "BTC-31MAR23-22000-C", "index_price": 28562.97, "direction": "sell", "amount": 0.3}, {"trade_seq": 5110, "trade_id": "248946659", "timestamp": 1680173367211, "tick_direction": 0, "price": 0.2295, "mark_price": 0.22925119, "iv": 220.9, "instrument_name": "BTC-31MAR23-22000-C", "index_price": 28566.43, "direction": "sell", "amount": 0.6}, {"trade_seq": 5109, "trade_id": "248943048", "timestamp": 1680172401122, "tick_direction": 2, "price": 0.229, "mark_price": 0.22847239, "iv": 240.53, "instrument_name": "BTC-31MAR23-22000-C", "index_price": 28527.35, "direction": "sell", "amount": 3.0}, {"trade_seq": 5108, "trade_id": "248940856", "timestamp": 1680171803009, "tick_direction": 3, "price": 0.2295, "mark_price": 0.22871216, "iv": 253.16, "instrument_name": "BTC-31MAR23-22000-C", "index_price": 28534.94, "direction": "sell", "amount": 2.8}, {"trade_seq": 5107, "trade_id": "248940833", "timestamp": 1680171800909, "tick_direction": 3, "price": 0.2295, "mark_price": 0.22888067, "iv": 245.09, "instrument_name": "BTC-31MAR23-22000-C", "index_price": 28540.95, "direction": "sell", "amount": 0.1}, {"trade_seq": 5106, "trade_id": "248940832", "timestamp": 1680171800903, "tick_direction": 3, "price": 0.2295, "mark_price": 0.22888067, "iv": 245.09, "instrument_name": "BTC-31MAR23-22000-C", "index_price": 28540.95, "direction": "sell", "amount": 0.1}, {"trade_seq": 5105, "trade_id": "248940831", "timestamp": 1680171800903, "tick_direction": 3, "price": 0.2295, "mark_price": 0.22888067, "iv": 245.09, "instrument_name": "BTC-31MAR23-22000-C", "index_price": 28540.95, "direction": "sell", "amount": 0.1}, {"trade_seq": 5104, "trade_id": "248940830", "timestamp": 1680171800877, "tick_direction": 3, "price": 0.2295, "mark_price": 0.22888067, "iv": 245.09, "instrument_name": "BTC-31MAR23-22000-C", "index_price": 28540.95, "direction": "sell", "amount": 2.9}, {"trade_seq": 5103, "trade_id": "248940829", "timestamp": 1680171800877, "tick_direction": 2, "price": 0.2295, "mark_price": 0.22888067, "iv": 245.09, "instrument_name": "BTC-31MAR23-22000-C", "index_price": 28540.95, "direction": "sell", "amount": 1.0}, {"trade_seq": 5102, "trade_id": "248940464", "timestamp": 1680171740417, "tick_direction": 1, "price": 0.23, "mark_price": 0.22943475, "iv": 242.14, "instrument_name": "BTC-31MAR23-22000-C", "index_price": 28562.39, "direction": "sell", "amount": 3.0}, {"trade_seq": 5101, "trade_id": "248940463", "timestamp": 1680171740417, "tick_direction": 1, "price": 0.23, "mark_price": 0.22943475, "iv": 242.14, "instrument_name": "BTC-31MAR23-22000-C", "index_price": 28562.39, "direction": "sell", "amount": 0.4}, {"trade_seq": 5100, "trade_id": "248940450", "timestamp": 1680171736478, "tick_direction": 1, "price": 0.23, "mark_price": 0.22948033, "iv": 239.56, "instrument_name": "BTC-31MAR23-22000-C", "index_price": 28564.22, "direction": "sell", "amount": 2.6}, {"trade_seq": 5099, "trade_id": "248940449", "timestamp": 1680171736478, "tick_direction": 1, "price": 0.23, "mark_price": 0.22948033, "iv": 239.56, "instrument_name": "BTC-31MAR23-22000-C", "index_price": 28564.22, "direction": "sell", "amount": 1.0}, {"trade_seq": 5098, "trade_id": "248940422", "timestamp": 1680171729460, "tick_direction": 1, "price": 0.23, "mark_price": 0.2294946, "iv": 238.91, "instrument_name": "BTC-31MAR23-22000-C", "index_price": 28564.97, "direction": "sell", "amount": 0.1}, {"trade_seq": 5097, "trade_id": "248937202", "timestamp": 1680170942164, "tick_direction": 1, "price": 0.23, "mark_price": 0.22961691, "iv": 224.91, "instrument_name": "BTC-31MAR23-22000-C", "index_price": 28572.16, "direction": "sell", "amount": 0.1}, {"trade_seq": 5096, "trade_id": "248937188", "timestamp": 1680170939978, "tick_direction": 1, "price": 0.23, "mark_price": 0.22974469, "iv": 217.71, "instrument_name": "BTC-31MAR23-22000-C", "index_price": 28569.97, "direction": "sell", "amount": 1.8}, {"trade_seq": 5095, "trade_id": "248931734", "timestamp": 1680169117961, "tick_direction": 1, "price": 0.23, "mark_price": 0.22965692, "iv": 223.35, "instrument_name": "BTC-31MAR23-22000-C", "index_price": 28566.26, "direction": "sell", "amount": 1.2}, {"trade_seq": 5094, "trade_id": "248931728", "timestamp": 1680169115310, "tick_direction": 1, "price": 0.23, "mark_price": 0.2296472, "iv": 223.68, "instrument_name": "BTC-31MAR23-22000-C", "index_price": 28566.12, "direction": "sell", "amount": 0.3}, {"trade_seq": 5093, "trade_id": "248931685", "timestamp": 1680169103242, "tick_direction": 1, "price": 0.23, "mark_price": 0.2297758, "iv": 212.78, "instrument_name": "BTC-31MAR23-22000-C", "index_price": 28569.86, "direction": "sell", "amount": 0.6}, {"trade_seq": 5092, "trade_id": "248930746", "timestamp": 1680168719259, "tick_direction": 1, "price": 0.23, "mark_price": 0.22971205, "iv": 218.0, "instrument_name": "BTC-31MAR23-22000-C", "index_price": 28563.63, "direction": "sell", "amount": 0.1}, {"trade_seq": 5091, "trade_id": "248930745", "timestamp": 1680168717078, "tick_direction": 1, "price": 0.23, "mark_price": 0.22974894, "iv": 214.7, "instrument_name": "BTC-31MAR23-22000-C", "index_price": 28565.24, "direction": "sell", "amount": 0.2}, {"trade_seq": 5090, "trade_id": "248930744", "timestamp": 1680168716265, "tick_direction": 0, "price": 0.23, "mark_price": 0.22978045, "iv": 214.35, "instrument_name": "BTC-31MAR23-22000-C", "index_price": 28565.3, "direction": "sell", "amount": 0.6}, {"trade_seq": 5089, "trade_id": "248929368", "timestamp": 1680168044945, "tick_direction": 3, "price": 0.229, "mark_price": 0.22860956, "iv": 222.12, "instrument_name": "BTC-31MAR23-22000-C", "index_price": 28508.96, "direction": "sell", "amount": 0.2}, {"trade_seq": 5088, "trade_id": "248929347", "timestamp": 1680168041835, "tick_direction": 2, "price": 0.229, "mark_price": 0.22870337, "iv": 221.27, "instrument_name": "BTC-31MAR23-22000-C", "index_price": 28508.85, "direction": "sell", "amount": 1.0}, {"trade_seq": 5087, "trade_id": "248929261", "timestamp": 1680168008661, "tick_direction": 3, "price": 0.2295, "mark_price": 0.22916559, "iv": 235.19, "instrument_name": "BTC-31MAR23-22000-C", "index_price": 28520.55, "direction": "sell", "amount": 0.1}, {"trade_seq": 5086, "trade_id": "248929260", "timestamp": 1680168008661, "tick_direction": 3, "price": 0.2295, "mark_price": 0.22916559, "iv": 235.19, "instrument_name": "BTC-31MAR23-22000-C", "index_price": 28520.55, "direction": "sell", "amount": 2.0}, {"trade_seq": 5085, "trade_id": "248929252", "timestamp": 1680168007078, "tick_direction": 3, "price": 0.2295, "mark_price": 0.22917099, "iv": 216.71, "instrument_name": "BTC-31MAR23-22000-C", "index_price": 28528.04, "direction": "sell", "amount": 0.9}, {"trade_seq": 5084, "trade_id": "248929237", "timestamp": 1680168003813, "tick_direction": 2, "price": 0.2295, "mark_price": 0.22934422, "iv": 209.94, "instrument_name": "BTC-31MAR23-22000-C", "index_price": 28531.29, "direction": "sell", "amount": 0.1}, {"trade_seq": 5083, "trade_id": "248928678", "timestamp": 1680167704337, "tick_direction": 1, "price": 0.23, "mark_price": 0.22923608, "iv": 246.33, "instrument_name": "BTC-31MAR23-22000-C", "index_price": 28527.46, "direction": "sell", "amount": 3.0}, {"trade_seq": 5082, "trade_id": "248928677", "timestamp": 1680167704337, "tick_direction": 1, "price": 0.23, "mark_price": 0.22923608, "iv": 246.33, "instrument_name": "BTC-31MAR23-22000-C", "index_price": 28527.46, "direction": "sell", "amount": 0.7}, {"trade_seq": 5081, "trade_id": "248928673", "timestamp": 1680167704179, "tick_direction": 1, "price": 0.23, "mark_price": 0.22923608, "iv": 246.33, "instrument_name": "BTC-31MAR23-22000-C", "index_price": 28527.46, "direction": "sell", "amount": 0.6}, {"trade_seq": 5080, "trade_id": "248928672", "timestamp": 1680167704176, "tick_direction": 1, "price": 0.23, "mark_price": 0.22923608, "iv": 246.33, "instrument_name": "BTC-31MAR23-22000-C", "index_price": 28527.46, "direction": "sell", "amount": 4.1}, {"trade_seq": 5079, "trade_id": "248928671", "timestamp": 1680167703756, "tick_direction": 1, "price": 0.23, "mark_price": 0.22923608, "iv": 246.28, "instrument_name": "BTC-31MAR23-22000-C", "index_price": 28529.5, "direction": "sell", "amount": 0.8}, {"trade_seq": 5078, "trade_id": "248928553", "timestamp": 1680167647689, "tick_direction": 0, "price": 0.23, "mark_price": 0.22985168, "iv": 200.14, "instrument_name": "BTC-31MAR23-22000-C", "index_price": 28549.56, "direction": "sell", "amount": 0.8}, {"trade_seq": 5077, "trade_id": "248927519", "timestamp": 1680167120639, "tick_direction": 3, "price": 0.229, "mark_price": 0.22889166, "iv": 191.97, "instrument_name": "BTC-31MAR23-22000-C", "index_price": 28514.72, "direction": "sell", "amount": 1.0}, {"trade_seq": 5076, "trade_id": "248927309", "timestamp": 1680167060478, "tick_direction": 2, "price": 0.229, "mark_price": 0.22895452, "iv": 178.88, "instrument_name": "BTC-31MAR23-22000-C", "index_price": 28517.53, "direction": "sell", "amount": 0.8}, {"trade_seq": 5075, "trade_id": "248927276", "timestamp": 1680167057482, "tick_direction": 3, "price": 0.2295, "mark_price": 0.22914328, "iv": 223.05, "instrument_name": "BTC-31MAR23-22000-C", "index_price": 28527.81, "direction": "sell", "amount": 2.2}, {"trade_seq": 5074, "trade_id": "248927236", "timestamp": 1680167055431, "tick_direction": 2, "price": 0.2295, "mark_price": 0.22963309, "iv": 0.0, "instrument_name": "BTC-31MAR23-22000-C", "index_price": 28542.51, "direction": "sell", "amount": 0.8}, {"trade_seq": 5073, "trade_id": "248927060", "timestamp": 1680167023570, "tick_direction": 3, "price": 0.2305, "mark_price": 0.23029624, "iv": 207.4, "instrument_name": "BTC-31MAR23-22000-C", "index_price": 28564.63, "direction": "sell", "amount": 0.1}, {"trade_seq": 5072, "trade_id": "248927036", "timestamp": 1680167020513, "tick_direction": 3, "price": 0.2305, "mark_price": 0.23045533, "iv": 206.7, "instrument_name": "BTC-31MAR23-22000-C", "index_price": 28570.21, "direction": "sell", "amount": 0.8}, {"trade_seq": 5071, "trade_id": "248927019", "timestamp": 1680167013470, "tick_direction": 3, "price": 0.2305, "mark_price": 0.23044268, "iv": 181.55, "instrument_name": "BTC-31MAR23-22000-C", "index_price": 28575.05, "direction": "sell", "amount": 1.1}, {"trade_seq": 5070, "trade_id": "248926984", "timestamp": 1680166986409, "tick_direction": 2, "price": 0.2305, "mark_price": 0.23046849, "iv": 175.56, "instrument_name": "BTC-31MAR23-22000-C", "index_price": 28575.81, "direction": "sell", "amount": 1.0}, {"trade_seq": 5069, "trade_id": "248926515", "timestamp": 1680166811716, "tick_direction": 3, "price": 0.231, "mark_price": 0.23047111, "iv": 234.13, "instrument_name": "BTC-31MAR23-22000-C", "index_price": 28584.22, "direction": "sell", "amount": 1.9}, {"trade_seq": 5068, "trade_id": "248926228", "timestamp": 1680166731729, "tick_direction": 3, "price": 0.231, "mark_price": 0.23041895, "iv": 236.56, "instrument_name": "BTC-31MAR23-22000-C", "index_price": 28579.66, "direction": "sell", "amount": 0.3}, {"trade_seq": 5067, "trade_id": "248926227", "timestamp": 1680166731727, "tick_direction": 3, "price": 0.231, "mark_price": 0.23041895, "iv": 236.56, "instrument_name": "BTC-31MAR23-22000-C", "index_price": 28579.66, "direction": "sell", "amount": 0.8}, {"trade_seq": 5066, "trade_id": "248926226", "timestamp": 1680166731727, "tick_direction": 3, "price": 0.231, "mark_price": 0.23041895, "iv": 236.56, "instrument_name": "BTC-31MAR23-22000-C", "index_price": 28579.66, "direction": "sell", "amount": 2.9}, {"trade_seq": 5065, "trade_id": "248926223", "timestamp": 1680166731056, "tick_direction": 3, "price": 0.231, "mark_price": 0.23041895, "iv": 236.47, "instrument_name": "BTC-31MAR23-22000-C", "index_price": 28583.31, "direction": "sell", "amount": 0.1}, {"trade_seq": 5064, "trade_id": "248926222", "timestamp": 1680166731056, "tick_direction": 2, "price": 0.231, "mark_price": 0.23041895, "iv": 236.47, "instrument_name": "BTC-31MAR23-22000-C", "index_price": 28583.31, "direction": "sell", "amount": 3.0}, {"trade_seq": 5063, "trade_id": "248926127", "timestamp": 1680166700434, "tick_direction": 3, "price": 0.2315, "mark_price": 0.23102843, "iv": 232.89, "instrument_name": "BTC-31MAR23-22000-C", "index_price": 28600.99, "direction": "sell", "amount": 0.1}, {"trade_seq": 5062, "trade_id": "248926062", "timestamp": 1680166679357, "tick_direction": 3, "price": 0.2315, "mark_price": 0.23105503, "iv": 228.41, "instrument_name": "BTC-31MAR23-22000-C", "index_price": 28605.86, "direction": "sell", "amount": 2.9}, {"trade_seq": 5061, "trade_id": "248925068", "timestamp": 1680165887271, "tick_direction": 2, "price": 0.2315, "mark_price": 0.23113808, "iv": 221.53, "instrument_name": "BTC-31MAR23-22000-C", "index_price": 28598.36, "direction": "sell", "amount": 3.0}, {"trade_seq": 5060, "trade_id": "248924689", "timestamp": 1680165687400, "tick_direction": 2, "price": 0.2325, "mark_price": 0.23222807, "iv": 210.67, "instrument_name": "BTC-31MAR23-22000-C", "index_price": 28637.03, "direction": "sell", "amount": 3.0}, {"trade_seq": 5059, "trade_id": "248923995", "timestamp": 1680165385134, "tick_direction": 1, "price": 0.233, "mark_price": 0.23301605, "iv": 0.0, "instrument_name": "BTC-31MAR23-22000-C", "index_price": 28647.96, "direction": "sell", "amount": 0.3}, {"trade_seq": 5058, "trade_id": "248923994", "timestamp": 1680165385133, "tick_direction": 1, "price": 0.233, "mark_price": 0.23301605, "iv": 0.0, "instrument_name": "BTC-31MAR23-22000-C", "index_price": 28647.96, "direction": "sell", "amount": 2.7}, {"trade_seq": 5057, "trade_id": "248903990", "timestamp": 1680158071508, "tick_direction": 0, "price": 0.233, "mark_price": 0.23253304, "iv": 219.92, "instrument_name": "BTC-31MAR23-22000-C", "index_price": 28639.38, "direction": "sell", "amount": 1.0}, {"trade_seq": 5056, "trade_id": "248902614", "timestamp": 1680157466694, "tick_direction": 3, "price": 0.2315, "mark_price": 0.23102064, "iv": 218.64, "instrument_name": "BTC-31MAR23-22000-C", "index_price": 28580.83, "direction": "sell", "amount": 0.3}, {"trade_seq": 5055, "trade_id": "248902453", "timestamp": 1680157180017, "tick_direction": 3, "price": 0.2315, "mark_price": 0.23130195, "iv": 196.27, "instrument_name": "BTC-31MAR23-22000-C", "index_price": 28589.72, "direction": "sell", "amount": 1.2}, {"trade_seq": 5054, "trade_id": "248902442", "timestamp": 1680157173333, "tick_direction": 2, "price": 0.2315, "mark_price": 0.23132747, "iv": 199.26, "instrument_name": "BTC-31MAR23-22000-C", "index_price": 28589.02, "direction": "sell", "amount": 1.5}, {"trade_seq": 5053, "trade_id": "248901971", "timestamp": 1680156752109, "tick_direction": 0, "price": 0.233, "mark_price": 0.23278699, "iv": 198.54, "instrument_name": "BTC-31MAR23-22000-C", "index_price": 28639.0, "direction": "sell", "amount": 3.0}, {"trade_seq": 5052, "trade_id": "248901114", "timestamp": 1680156031099, "tick_direction": 0, "price": 0.232, "mark_price": 0.23167834, "iv": 205.64, "instrument_name": "BTC-31MAR23-22000-C", "index_price": 28604.56, "direction": "sell", "amount": 3.0}, {"trade_seq": 5051, "trade_id": "248898864", "timestamp": 1680153861302, "tick_direction": 2, "price": 0.23, "mark_price": 0.22987439, "iv": 194.15, "instrument_name": "BTC-31MAR23-22000-C", "index_price": 28531.34, "direction": "sell", "amount": 3.0}, {"trade_seq": 5050, "trade_id": "248898783", "timestamp": 1680153830135, "tick_direction": 2, "price": 0.2305, "mark_price": 0.23020986, "iv": 195.56, "instrument_name": "BTC-31MAR23-22000-C", "index_price": 28544.81, "direction": "sell", "amount": 3.0}, {"trade_seq": 5049, "trade_id": "248897544", "timestamp": 1680152587701, "tick_direction": 2, "price": 0.231, "mark_price": 0.2308584, "iv": 195.39, "instrument_name": "BTC-31MAR23-22000-C", "index_price": 28568.47, "direction": "sell", "amount": 3.0}, {"trade_seq": 5048, "trade_id": "248897434", "timestamp": 1680152563583, "tick_direction": 3, "price": 0.2315, "mark_price": 0.23111535, "iv": 207.1, "instrument_name": "BTC-31MAR23-22000-C", "index_price": 28582.16, "direction": "sell", "amount": 0.3}, {"trade_seq": 5047, "trade_id": "248897432", "timestamp": 1680152548230, "tick_direction": 2, "price": 0.2315, "mark_price": 0.23110729, "iv": 210.89, "instrument_name": "BTC-31MAR23-22000-C", "index_price": 28580.86, "direction": "sell", "amount": 2.7}, {"trade_seq": 5046, "trade_id": "248895532", "timestamp": 1680151305155, "tick_direction": 1, "price": 0.2325, "mark_price": 0.23235482, "iv": 184.43, "instrument_name": "BTC-31MAR23-22000-C", "index_price": 28629.67, "direction": "sell", "amount": 1.7}, {"trade_seq": 5045, "trade_id": "248895520", "timestamp": 1680151304113, "tick_direction": 1, "price": 0.2325, "mark_price": 0.23247212, "iv": 157.52, "instrument_name": "BTC-31MAR23-22000-C", "index_price": 28633.54, "direction": "sell", "amount": 1.3}, {"trade_seq": 5044, "trade_id": "248894458", "timestamp": 1680150667502, "tick_direction": 1, "price": 0.2325, "mark_price": 0.23235433, "iv": 183.77, "instrument_name": "BTC-31MAR23-22000-C", "index_price": 28628.49, "direction": "sell", "amount": 1.7}, {"trade_seq": 5043, "trade_id": "248894442", "timestamp": 1680150651932, "tick_direction": 0, "price": 0.2325, "mark_price": 0.23232914, "iv": 187.17, "instrument_name": "BTC-31MAR23-22000-C", "index_price": 28628.69, "direction": "sell", "amount": 1.3}, {"trade_seq": 5042, "trade_id": "248893254", "timestamp": 1680150021751, "tick_direction": 1, "price": 0.2315, "mark_price": 0.23136098, "iv": 156.3, "instrument_name": "BTC-31MAR23-22000-C", "index_price": 28594.1, "direction": "sell", "amount": 0.3}, {"trade_seq": 5041, "trade_id": "248893233", "timestamp": 1680150016145, "tick_direction": 0, "price": 0.2315, "mark_price": 0.23151508, "iv": 158.69, "instrument_name": "BTC-31MAR23-22000-C", "index_price": 28591.39, "direction": "sell", "amount": 2.7}, {"trade_seq": 5040, "trade_id": "248892195", "timestamp": 1680149452012, "tick_direction": 1, "price": 0.2295, "mark_price": 0.22944701, "iv": 163.43, "instrument_name": "BTC-31MAR23-22000-C", "index_price": 28521.18, "direction": "sell", "amount": 1.7}, {"trade_seq": 5039, "trade_id": "248892188", "timestamp": 1680149448655, "tick_direction": 0, "price": 0.2295, "mark_price": 0.22947103, "iv": 155.94, "instrument_name": "BTC-31MAR23-22000-C", "index_price": 28521.71, "direction": "sell", "amount": 1.3}, {"trade_seq": 5038, "trade_id": "248890544", "timestamp": 1680148818548, "tick_direction": 2, "price": 0.2285, "mark_price": 0.2283493, "iv": 193.58, "instrument_name": "BTC-31MAR23-22000-C", "index_price": 28479.16, "direction": "sell", "amount": 3.0}, {"trade_seq": 5037, "trade_id": "248889359", "timestamp": 1680148209150, "tick_direction": 1, "price": 0.23, "mark_price": 0.23014542, "iv": 0.0, "instrument_name": "BTC-31MAR23-22000-C", "index_price": 28545.41, "direction": "sell", "amount": 0.6}, {"trade_seq": 5036, "trade_id": "248889358", "timestamp": 1680148209130, "tick_direction": 0, "price": 0.23, "mark_price": 0.23014542, "iv": 0.0, "instrument_name": "BTC-31MAR23-22000-C", "index_price": 28545.41, "direction": "sell", "amount": 2.4}, {"trade_seq": 5035, "trade_id": "248888177", "timestamp": 1680147622339, "tick_direction": 0, "price": 0.2285, "mark_price": 0.22856071, "iv": 0.0, "instrument_name": "BTC-31MAR23-22000-C", "index_price": 28488.17, "direction": "sell", "amount": 3.0}, {"trade_seq": 5034, "trade_id": "248885990", "timestamp": 1680147024702, "tick_direction": 3, "price": 0.226, "mark_price": 0.22609014, "iv": 0.0, "instrument_name": "BTC-31MAR23-22000-C", "index_price": 28397.26, "direction": "sell", "amount": 0.3}, {"trade_seq": 5033, "trade_id": "248885969", "timestamp": 1680147022466, "tick_direction": 3, "price": 0.226, "mark_price": 0.22615574, "iv": 0.0, "instrument_name": "BTC-31MAR23-22000-C", "index_price": 28398.93, "direction": "sell", "amount": 0.1}, {"trade_seq": 5032, "trade_id": "248885968", "timestamp": 1680147022464, "tick_direction": 3, "price": 0.226, "mark_price": 0.22615574, "iv": 0.0, "instrument_name": "BTC-31MAR23-22000-C", "index_price": 28398.93, "direction": "sell", "amount": 0.5}, {"trade_seq": 5031, "trade_id": "248885967", "timestamp": 1680147022461, "tick_direction": 2, "price": 0.226, "mark_price": 0.22615574, "iv": 0.0, "instrument_name": "BTC-31MAR23-22000-C", "index_price": 28398.93, "direction": "sell", "amount": 2.1}, {"trade_seq": 5030, "trade_id": "248885072", "timestamp": 1680146749404, "tick_direction": 2, "price": 0.2265, "mark_price": 0.22668287, "iv": 0.0, "instrument_name": "BTC-31MAR23-22000-C", "index_price": 28422.29, "direction": "sell", "amount": 10.0}, {"trade_seq": 5029, "trade_id": "248884526", "timestamp": 1680146539412, "tick_direction": 3, "price": 0.2275, "mark_price": 0.22727035, "iv": 185.18, "instrument_name": "BTC-31MAR23-22000-C", "index_price": 28446.43, "direction": "sell", "amount": 5.3}, {"trade_seq": 5028, "trade_id": "248884393", "timestamp": 1680146500898, "tick_direction": 3, "price": 0.2275, "mark_price": 0.22743313, "iv": 180.44, "instrument_name": "BTC-31MAR23-22000-C", "index_price": 28451.1, "direction": "sell", "amount": 2.2}, {"trade_seq": 5027, "trade_id": "248884388", "timestamp": 1680146500392, "tick_direction": 3, "price": 0.2275, "mark_price": 0.22743313, "iv": 180.44, "instrument_name": "BTC-31MAR23-22000-C", "index_price": 28451.1, "direction": "sell", "amount": 1.3}, {"trade_seq": 5026, "trade_id": "248884371", "timestamp": 1680146494419, "tick_direction": 2, "price": 0.2275, "mark_price": 0.22784009, "iv": 0.0, "instrument_name": "BTC-31MAR23-22000-C", "index_price": 28454.17, "direction": "sell", "amount": 1.2}, {"trade_seq": 5025, "trade_id": "248884221", "timestamp": 1680146461269, "tick_direction": 1, "price": 0.23, "mark_price": 0.22828994, "iv": 249.45, "instrument_name": "BTC-31MAR23-22000-C", "index_price": 28488.3, "direction": "sell", "amount": 0.1}, {"trade_seq": 5024, "trade_id": "248884174", "timestamp": 1680146437403, "tick_direction": 0, "price": 0.23, "mark_price": 0.22855619, "iv": 241.86, "instrument_name": "BTC-31MAR23-22000-C", "index_price": 28497.65, "direction": "sell", "amount": 0.1}, {"trade_seq": 5023, "trade_id": "248883999", "timestamp": 1680146403720, "tick_direction": 0, "price": 0.2275, "mark_price": 0.2274193, "iv": 163.32, "instrument_name": "BTC-31MAR23-22000-C", "index_price": 28454.77, "direction": "sell", "amount": 1.0}, {"trade_seq": 5022, "trade_id": "248882295", "timestamp": 1680146150848, "tick_direction": 0, "price": 0.225, "mark_price": 0.22478194, "iv": 186.64, "instrument_name": "BTC-31MAR23-22000-C", "index_price": 28356.17, "direction": "sell", "amount": 10.0}, {"trade_seq": 5021, "trade_id": "248880574", "timestamp": 1680145967743, "tick_direction": 2, "price": 0.224, "mark_price": 0.22349669, "iv": 201.18, "instrument_name": "BTC-31MAR23-22000-C", "index_price": 28312.82, "direction": "sell", "amount": 1.0}, {"trade_seq": 5020, "trade_id": "248876944", "timestamp": 1680145836225, "tick_direction": 3, "price": 0.2275, "mark_price": 0.22775371, "iv": 155.37, "instrument_name": "BTC-31MAR23-22000-C", "index_price": 28463.39, "direction": "sell", "amount": 0.1}, {"trade_seq": 5019, "trade_id": "248876943", "timestamp": 1680145836225, "tick_direction": 3, "price": 0.2275, "mark_price": 0.22775371, "iv": 155.37, "instrument_name": "BTC-31MAR23-22000-C", "index_price": 28463.39, "direction": "sell", "amount": 1.5}, {"trade_seq": 5018, "trade_id": "248876934", "timestamp": 1680145836140, "tick_direction": 3, "price": 0.2275, "mark_price": 0.22775371, "iv": 0.0, "instrument_name": "BTC-31MAR23-22000-C", "index_price": 28463.39, "direction": "sell", "amount": 1.3}, {"trade_seq": 5017, "trade_id": "248876659", "timestamp": 1680145811278, "tick_direction": 2, "price": 0.2275, "mark_price": 0.22798972, "iv": 0.0, "instrument_name": "BTC-31MAR23-22000-C", "index_price": 28461.01, "direction": "sell", "amount": 1.2}, {"trade_seq": 5016, "trade_id": "248876571", "timestamp": 1680145805152, "tick_direction": 2, "price": 0.2285, "mark_price": 0.22874934, "iv": 0.0, "instrument_name": "BTC-31MAR23-22000-C", "index_price": 28497.65, "direction": "sell", "amount": 1.0}, {"trade_seq": 5015, "trade_id": "248876474", "timestamp": 1680145787867, "tick_direction": 2, "price": 0.229, "mark_price": 0.22888963, "iv": 171.68, "instrument_name": "BTC-31MAR23-22000-C", "index_price": 28508.36, "direction": "sell", "amount": 1.0}, {"trade_seq": 5014, "trade_id": "248876193", "timestamp": 1680145758091, "tick_direction": 2, "price": 0.2295, "mark_price": 0.22935176, "iv": 180.26, "instrument_name": "BTC-31MAR23-22000-C", "index_price": 28529.16, "direction": "sell", "amount": 1.0}, {"trade_seq": 5013, "trade_id": "248874335", "timestamp": 1680145665039, "tick_direction": 2, "price": 0.24, "mark_price": 0.22766156, "iv": 392.5, "instrument_name": "BTC-31MAR23-22000-C", "index_price": 28464.82, "direction": "sell", "amount": 0.1}, {"trade_seq": 5012, "trade_id": "248870310", "timestamp": 1680145449268, "tick_direction": 2, "price": 0.2415, "mark_price": 0.24147184, "iv": 159.37, "instrument_name": "BTC-31MAR23-22000-C", "index_price": 28966.94, "direction": "sell", "amount": 1.0}, {"trade_seq": 5011, "trade_id": "248868247", "timestamp": 1680144858641, "tick_direction": 2, "price": 0.242, "mark_price": 0.24180019, "iv": 181.17, "instrument_name": "BTC-31MAR23-22000-C", "index_price": 28984.93, "direction": "sell", "amount": 1.0}, {"trade_seq": 5010, "trade_id": "248866696", "timestamp": 1680144535640, "tick_direction": 3, "price": 0.2435, "mark_price": 0.24348753, "iv": 141.67, "instrument_name": "BTC-31MAR23-22000-C", "index_price": 29036.87, "direction": "sell", "amount": 0.7}, {"trade_seq": 5009, "trade_id": "248866693", "timestamp": 1680144535198, "tick_direction": 3, "price": 0.2435, "mark_price": 0.24348753, "iv": 0.0, "instrument_name": "BTC-31MAR23-22000-C", "index_price": 29040.18, "direction": "sell", "amount": 2.0}, {"trade_seq": 5008, "trade_id": "248866692", "timestamp": 1680144535178, "tick_direction": 3, "price": 0.2435, "mark_price": 0.24348753, "iv": 0.0, "instrument_name": "BTC-31MAR23-22000-C", "index_price": 29040.18, "direction": "sell", "amount": 1.9}, {"trade_seq": 5007, "trade_id": "248866669", "timestamp": 1680144531529, "tick_direction": 2, "price": 0.2435, "mark_price": 0.24383777, "iv": 0.0, "instrument_name": "BTC-31MAR23-22000-C", "index_price": 29042.01, "direction": "sell", "amount": 1.4}, {"trade_seq": 5006, "trade_id": "248864377", "timestamp": 1680144122281, "tick_direction": 0, "price": 0.245, "mark_price": 0.24470249, "iv": 202.67, "instrument_name": "BTC-31MAR23-22000-C", "index_price": 29090.39, "direction": "sell", "amount": 1.0}, {"trade_seq": 5005, "trade_id": "248861874", "timestamp": 1680143786391, "tick_direction": 2, "price": 0.2445, "mark_price": 0.24398902, "iv": 200.0, "instrument_name": "BTC-31MAR23-22000-C", "index_price": 29069.59, "direction": "sell", "amount": 1.0}, {"trade_seq": 5004, "trade_id": "248861804", "timestamp": 1680143777458, "tick_direction": 2, "price": 0.245, "mark_price": 0.24466957, "iv": 206.88, "instrument_name": "BTC-31MAR23-22000-C", "index_price": 29089.41, "direction": "sell", "amount": 1.0}, {"trade_seq": 5003, "trade_id": "248861586", "timestamp": 1680143748666, "tick_direction": 1, "price": 0.2455, "mark_price": 0.2454796, "iv": 200.77, "instrument_name": "BTC-31MAR23-22000-C", "index_price": 29108.52, "direction": "sell", "amount": 0.3}, {"trade_seq": 5002, "trade_id": "248861585", "timestamp": 1680143748657, "tick_direction": 1, "price": 0.2455, "mark_price": 0.2454796, "iv": 200.77, "instrument_name": "BTC-31MAR23-22000-C", "index_price": 29108.52, "direction": "sell", "amount": 0.9}, {"trade_seq": 5001, "trade_id": "248861584", "timestamp": 1680143748645, "tick_direction": 0, "price": 0.2455, "mark_price": 0.2454796, "iv": 200.77, "instrument_name": "BTC-31MAR23-22000-C", "index_price": 29108.52, "direction": "sell", "amount": 1.8}, {"trade_seq": 5000, "trade_id": "248795879", "timestamp": 1680108448192, "tick_direction": 2, "price": 0.222, "mark_price": 0.22279628, "iv": 0.0, "instrument_name": "BTC-31MAR23-22000-C", "index_price": 28276.45, "direction": "sell", "amount": 0.1}, {"trade_seq": 4999, "trade_id": "248793534", "timestamp": 1680106588221, "tick_direction": 1, "price": 0.225, "mark_price": 0.22477257, "iv": 156.33, "instrument_name": "BTC-31MAR23-22000-C", "index_price": 28360.52, "direction": "sell", "amount": 0.1}, {"trade_seq": 4998, "trade_id": "248793531", "timestamp": 1680106583596, "tick_direction": 1, "price": 0.225, "mark_price": 0.22491256, "iv": 143.88, "instrument_name": "BTC-31MAR23-22000-C", "index_price": 28363.22, "direction": "sell", "amount": 0.1}, {"trade_seq": 4997, "trade_id": "248793523", "timestamp": 1680106578182, "tick_direction": 1, "price": 0.225, "mark_price": 0.22509967, "iv": 0.0, "instrument_name": "BTC-31MAR23-22000-C", "index_price": 28367.34, "direction": "sell", "amount": 0.1}, {"trade_seq": 4996, "trade_id": "248793522", "timestamp": 1680106578182, "tick_direction": 0, "price": 0.225, "mark_price": 0.22509967, "iv": 0.0, "instrument_name": "BTC-31MAR23-22000-C", "index_price": 28367.34, "direction": "sell", "amount": 1.0}, {"trade_seq": 4995, "trade_id": "248385944", "timestamp": 1679904130277, "tick_direction": 2, "price": 0.2105, "mark_price": 0.21024246, "iv": 109.36, "instrument_name": "BTC-31MAR23-22000-C", "index_price": 27829.53, "direction": "sell", "amount": 1.0}, {"trade_seq": 4994, "trade_id": "248385294", "timestamp": 1679903899700, "tick_direction": 2, "price": 0.211, "mark_price": 0.21032339, "iv": 117.41, "instrument_name": "BTC-31MAR23-22000-C", "index_price": 27830.9, "direction": "sell", "amount": 1.0}, {"trade_seq": 4993, "trade_id": "247978334", "timestamp": 1679658389800, "tick_direction": 2, "price": 0.215, "mark_price": 0.21544801, "iv": 83.22, "instrument_name": "BTC-31MAR23-22000-C", "index_price": 27990.41, "direction": "sell", "amount": 0.1}, {"trade_seq": 4992, "trade_id": "247977918", "timestamp": 1679658354384, "tick_direction": 2, "price": 0.216, "mark_price": 0.21633578, "iv": 79.62, "instrument_name": "BTC-31MAR23-22000-C", "index_price": 28029.56, "direction": "sell", "amount": 0.1}, {"trade_seq": 4991, "trade_id": "247900842", "timestamp": 1679617206642, "tick_direction": 0, "price": 0.227, "mark_price": 0.22705798, "iv": 93.19, "instrument_name": "BTC-31MAR23-22000-C", "index_price": 28394.26, "direction": "buy", "amount": 0.1}, {"trade_seq": 4990, "trade_id": "247677073", "timestamp": 1679563861099, "tick_direction": 3, "price": 0.2075, "mark_price": 0.20714929, "iv": 86.43, "instrument_name": "BTC-31MAR23-22000-C", "index_price": 27709.01, "direction": "sell", "amount": 0.1}, {"trade_seq": 4989, "trade_id": "247677072", "timestamp": 1679563861012, "tick_direction": 2, "price": 0.2075, "mark_price": 0.20714929, "iv": 86.43, "instrument_name": "BTC-31MAR23-22000-C", "index_price": 27709.01, "direction": "sell", "amount": 0.1}, {"trade_seq": 4988, "trade_id": "247676976", "timestamp": 1679563798210, "tick_direction": 0, "price": 0.208, "mark_price": 0.20743267, "iv": 88.47, "instrument_name": "BTC-31MAR23-22000-C", "index_price": 27719.87, "direction": "sell", "amount": 0.2}, {"trade_seq": 4987, "trade_id": "247578159", "timestamp": 1679525632770, "tick_direction": 2, "price": 0.1935, "mark_price": 0.19373332, "iv": 83.68, "instrument_name": "BTC-31MAR23-22000-C", "index_price": 27208.01, "direction": "buy", "amount": 0.1}, {"trade_seq": 4986, "trade_id": "247348536", "timestamp": 1679497452697, "tick_direction": 0, "price": 0.2355, "mark_price": 0.23585038, "iv": 96.02, "instrument_name": "BTC-31MAR23-22000-C", "index_price": 28673.09, "direction": "sell", "amount": 1.0}, {"trade_seq": 4985, "trade_id": "247337729", "timestamp": 1679496321759, "tick_direction": 0, "price": 0.2335, "mark_price": 0.23499594, "iv": 79.21, "instrument_name": "BTC-31MAR23-22000-C", "index_price": 28636.76, "direction": "sell", "amount": 2.0}, {"trade_seq": 4984, "trade_id": "247125719", "timestamp": 1679403909295, "tick_direction": 0, "price": 0.224, "mark_price": 0.2239781, "iv": 91.27, "instrument_name": "BTC-31MAR23-22000-C", "index_price": 28214.88, "direction": "sell", "amount": 5.0}, {"trade_seq": 4983, "trade_id": "247053652", "timestamp": 1679382498651, "tick_direction": 2, "price": 0.2015, "mark_price": 0.20247875, "iv": 81.27, "instrument_name": "BTC-31MAR23-22000-C", "index_price": 27468.55, "direction": "sell", "amount": 0.1}, {"trade_seq": 4982, "trade_id": "246519259", "timestamp": 1679238239974, "tick_direction": 2, "price": 0.205, "mark_price": 0.20451234, "iv": 86.31, "instrument_name": "BTC-31MAR23-22000-C", "index_price": 27466.65, "direction": "buy", "amount": 1.0}, {"trade_seq": 4981, "trade_id": "246325711", "timestamp": 1679145290827, "tick_direction": 0, "price": 0.2085, "mark_price": 0.20805438, "iv": 83.28, "instrument_name": "BTC-31MAR23-22000-C", "index_price": 27600.53, "direction": "sell", "amount": 2.7}, {"trade_seq": 4980, "trade_id": "246114509", "timestamp": 1679089441199, "tick_direction": 0, "price": 0.2, "mark_price": 0.19917544, "iv": 80.84, "instrument_name": "BTC-31MAR23-22000-C", "index_price": 27257.52, "direction": "buy", "amount": 1.0}, {"trade_seq": 4979, "trade_id": "246112545", "timestamp": 1679089356374, "tick_direction": 1, "price": 0.195, "mark_price": 0.19455433, "iv": 77.77, "instrument_name": "BTC-31MAR23-22000-C", "index_price": 27114.39, "direction": "buy", "amount": 0.6}, {"trade_seq": 4978, "trade_id": "246112539", "timestamp": 1679089356343, "tick_direction": 1, "price": 0.195, "mark_price": 0.19455433, "iv": 77.77, "instrument_name": "BTC-31MAR23-22000-C", "index_price": 27114.39, "direction": "buy", "amount": 0.2}, {"trade_seq": 4977, "trade_id": "246112538", "timestamp": 1679089356336, "tick_direction": 1, "price": 0.195, "mark_price": 0.19455433, "iv": 77.77, "instrument_name": "BTC-31MAR23-22000-C", "index_price": 27114.39, "direction": "buy", "amount": 0.1}, {"trade_seq": 4976, "trade_id": "246112530", "timestamp": 1679089356269, "tick_direction": 0, "price": 0.195, "mark_price": 0.19455433, "iv": 77.77, "instrument_name": "BTC-31MAR23-22000-C", "index_price": 27102.23, "direction": "buy", "amount": 0.1}, {"trade_seq": 4975, "trade_id": "246014714", "timestamp": 1679064235642, "tick_direction": 2, "price": 0.1685, "mark_price": 0.16933325, "iv": 72.77, "instrument_name": "BTC-31MAR23-22000-C", "index_price": 26225.32, "direction": "sell", "amount": 0.1}, {"trade_seq": 4974, "trade_id": "246010642", "timestamp": 1679063975200, "tick_direction": 2, "price": 0.1725, "mark_price": 0.17344382, "iv": 73.7, "instrument_name": "BTC-31MAR23-22000-C", "index_price": 26356.98, "direction": "sell", "amount": 0.1}, {"trade_seq": 4973, "trade_id": "245990663", "timestamp": 1679060145519, "tick_direction": 2, "price": 0.1785, "mark_price": 0.17946722, "iv": 76.13, "instrument_name": "BTC-31MAR23-22000-C", "index_price": 26549.9, "direction": "sell", "amount": 0.1}, {"trade_seq": 4972, "trade_id": "245957500", "timestamp": 1679053827779, "tick_direction": 0, "price": 0.1875, "mark_price": 0.18735904, "iv": 78.3, "instrument_name": "BTC-31MAR23-22000-C", "index_price": 26879.09, "direction": "sell", "amount": 1.0}, {"trade_seq": 4971, "trade_id": "245895038", "timestamp": 1679040498829, "tick_direction": 0, "price": 0.1684, "mark_price": 0.1664877, "iv": 75.59, "instrument_name": "BTC-31MAR23-22000-C", "index_price": 26198.15, "direction": "buy", "block_trade_id": "68844", "amount": 250.0}, {"trade_seq": 4970, "trade_id": "245893756", "timestamp": 1679040367829, "tick_direction": 2, "price": 0.166, "mark_price": 0.16586847, "iv": 70.45, "instrument_name": "BTC-31MAR23-22000-C", "index_price": 26169.24, "direction": "buy", "block_trade_id": "68840", "amount": 250.0}, {"trade_seq": 4969, "trade_id": "245892958", "timestamp": 1679040265548, "tick_direction": 0, "price": 0.1663, "mark_price": 0.16466991, "iv": 74.95, "instrument_name": "BTC-31MAR23-22000-C", "index_price": 26133.83, "direction": "buy", "combo_id": "BTC-GUTS-31MAR23-22000_25000", "block_trade_id": "68839", "amount": 200.0}, {"trade_seq": 4968, "trade_id": "245891398", "timestamp": 1679040109101, "tick_direction": 0, "price": 0.1645, "mark_price": 0.16438998, "iv": 70.95, "instrument_name": "BTC-31MAR23-22000-C", "index_price": 26108.16, "direction": "sell", "amount": 1.6}, {"trade_seq": 4967, "trade_id": "245854129", "timestamp": 1679037610185, "tick_direction": 0, "price": 0.16, "mark_price": 0.16055381, "iv": 70.08, "instrument_name": "BTC-31MAR23-22000-C", "index_price": 25993.56, "direction": "buy", "amount": 0.7}, {"trade_seq": 4966, "trade_id": "245803287", "timestamp": 1679022175812, "tick_direction": 0, "price": 0.151, "mark_price": 0.15129523, "iv": 68.97, "instrument_name": "BTC-31MAR23-22000-C", "index_price": 25678.91, "direction": "sell", "amount": 0.7}, {"trade_seq": 4965, "trade_id": "245766039", "timestamp": 1679017390139, "tick_direction": 1, "price": 0.144, "mark_price": 0.14396901, "iv": 66.08, "instrument_name": "BTC-31MAR23-22000-C", "index_price": 25469.28, "direction": "buy", "amount": 0.7}, {"trade_seq": 4964, "trade_id": "245766038", "timestamp": 1679017389849, "tick_direction": 1, "price": 0.144, "mark_price": 0.14396901, "iv": 66.08, "instrument_name": "BTC-31MAR23-22000-C", "index_price": 25469.28, "direction": "buy", "amount": 0.3}, {"trade_seq": 4963, "trade_id": "245766037", "timestamp": 1679017389843, "tick_direction": 1, "price": 0.144, "mark_price": 0.14396901, "iv": 66.08, "instrument_name": "BTC-31MAR23-22000-C", "index_price": 25469.28, "direction": "buy", "amount": 0.6}, {"trade_seq": 4962, "trade_id": "245766026", "timestamp": 1679017382563, "tick_direction": 1, "price": 0.144, "mark_price": 0.14394995, "iv": 66.13, "instrument_name": "BTC-31MAR23-22000-C", "index_price": 25465.1, "direction": "buy", "amount": 0.6}, {"trade_seq": 4961, "trade_id": "245766022", "timestamp": 1679017381548, "tick_direction": 1, "price": 0.144, "mark_price": 0.14386912, "iv": 66.33, "instrument_name": "BTC-31MAR23-22000-C", "index_price": 25464.7, "direction": "buy", "amount": 0.6}, {"trade_seq": 4960, "trade_id": "245766021", "timestamp": 1679017380330, "tick_direction": 1, "price": 0.144, "mark_price": 0.14365419, "iv": 66.82, "instrument_name": "BTC-31MAR23-22000-C", "index_price": 25461.61, "direction": "buy", "amount": 0.4}, {"trade_seq": 4959, "trade_id": "245766020", "timestamp": 1679017380293, "tick_direction": 0, "price": 0.144, "mark_price": 0.14365419, "iv": 66.82, "instrument_name": "BTC-31MAR23-22000-C", "index_price": 25461.61, "direction": "buy", "amount": 0.1}, {"trade_seq": 4958, "trade_id": "245762157", "timestamp": 1679017012197, "tick_direction": 1, "price": 0.139, "mark_price": 0.13929723, "iv": 64.1, "instrument_name": "BTC-31MAR23-22000-C", "index_price": 25336.82, "direction": "buy", "amount": 0.8}, {"trade_seq": 4957, "trade_id": "245761862", "timestamp": 1679016984028, "tick_direction": 1, "price": 0.139, "mark_price": 0.13963556, "iv": 63.58, "instrument_name": "BTC-31MAR23-22000-C", "index_price": 25334.35, "direction": "buy", "amount": 1.4}, {"trade_seq": 4956, "trade_id": "245761831", "timestamp": 1679016978815, "tick_direction": 0, "price": 0.139, "mark_price": 0.13943766, "iv": 64.09, "instrument_name": "BTC-31MAR23-22000-C", "index_price": 25327.67, "direction": "buy", "amount": 1.3}, {"trade_seq": 4955, "trade_id": "245754119", "timestamp": 1679016547283, "tick_direction": 0, "price": 0.136, "mark_price": 0.1347405, "iv": 66.61, "instrument_name": "BTC-31MAR23-22000-C", "index_price": 25207.24, "direction": "buy", "amount": 0.1}, {"trade_seq": 4954, "trade_id": "245750582", "timestamp": 1679014738301, "tick_direction": 3, "price": 0.1275, "mark_price": 0.12829415, "iv": 61.39, "instrument_name": "BTC-31MAR23-22000-C", "index_price": 24975.81, "direction": "buy", "amount": 3.5}, {"trade_seq": 4953, "trade_id": "245750318", "timestamp": 1679014407221, "tick_direction": 2, "price": 0.1275, "mark_price": 0.12822236, "iv": 61.42, "instrument_name": "BTC-31MAR23-22000-C", "index_price": 24976.16, "direction": "buy", "amount": 3.5}, {"trade_seq": 4952, "trade_id": "245748431", "timestamp": 1679012872050, "tick_direction": 0, "price": 0.131, "mark_price": 0.13072424, "iv": 65.09, "instrument_name": "BTC-31MAR23-22000-C", "index_price": 25038.2, "direction": "sell", "amount": 0.1}, {"trade_seq": 4951, "trade_id": "245748428", "timestamp": 1679012868385, "tick_direction": 2, "price": 0.1305, "mark_price": 0.1307175, "iv": 64.01, "instrument_name": "BTC-31MAR23-22000-C", "index_price": 25037.88, "direction": "sell", "amount": 0.1}, {"trade_seq": 4950, "trade_id": "245748425", "timestamp": 1679012866894, "tick_direction": 1, "price": 0.131, "mark_price": 0.1306987, "iv": 65.14, "instrument_name": "BTC-31MAR23-22000-C", "index_price": 25037.96, "direction": "sell", "amount": 0.1}, {"trade_seq": 4949, "trade_id": "245748422", "timestamp": 1679012865744, "tick_direction": 1, "price": 0.131, "mark_price": 0.13067788, "iv": 65.18, "instrument_name": "BTC-31MAR23-22000-C", "index_price": 25037.92, "direction": "sell", "amount": 0.1}, {"trade_seq": 4948, "trade_id": "245748419", "timestamp": 1679012863819, "tick_direction": 0, "price": 0.131, "mark_price": 0.13073335, "iv": 65.24, "instrument_name": "BTC-31MAR23-22000-C", "index_price": 25036.78, "direction": "sell", "amount": 0.1}, {"trade_seq": 4947, "trade_id": "245747907", "timestamp": 1679012431702, "tick_direction": 2, "price": 0.1305, "mark_price": 0.13061942, "iv": 64.39, "instrument_name": "BTC-31MAR23-22000-C", "index_price": 25031.68, "direction": "sell", "amount": 0.1}, {"trade_seq": 4946, "trade_id": "245747863", "timestamp": 1679012427106, "tick_direction": 1, "price": 0.131, "mark_price": 0.13064302, "iv": 65.44, "instrument_name": "BTC-31MAR23-22000-C", "index_price": 25032.53, "direction": "sell", "amount": 0.1}, {"trade_seq": 4945, "trade_id": "245747862", "timestamp": 1679012425810, "tick_direction": 0, "price": 0.131, "mark_price": 0.13064565, "iv": 65.44, "instrument_name": "BTC-31MAR23-22000-C", "index_price": 25032.25, "direction": "sell", "amount": 0.1}, {"trade_seq": 4944, "trade_id": "245747861", "timestamp": 1679012422620, "tick_direction": 2, "price": 0.1305, "mark_price": 0.13073277, "iv": 64.13, "instrument_name": "BTC-31MAR23-22000-C", "index_price": 25035.02, "direction": "sell", "amount": 0.1}, {"trade_seq": 4943, "trade_id": "245747860", "timestamp": 1679012422613, "tick_direction": 0, "price": 0.131, "mark_price": 0.13073277, "iv": 65.25, "instrument_name": "BTC-31MAR23-22000-C", "index_price": 25035.02, "direction": "sell", "amount": 0.1}, {"trade_seq": 4942, "trade_id": "245747386", "timestamp": 1679012166070, "tick_direction": 3, "price": 0.13, "mark_price": 0.13018834, "iv": 64.0, "instrument_name": "BTC-31MAR23-22000-C", "index_price": 25011.28, "direction": "sell", "amount": 0.1}, {"trade_seq": 4941, "trade_id": "245747211", "timestamp": 1679012017407, "tick_direction": 2, "price": 0.13, "mark_price": 0.13037363, "iv": 63.87, "instrument_name": "BTC-31MAR23-22000-C", "index_price": 25012.37, "direction": "sell", "amount": 0.1}, {"trade_seq": 4940, "trade_id": "245747089", "timestamp": 1679011819970, "tick_direction": 3, "price": 0.1305, "mark_price": 0.13063872, "iv": 64.23, "instrument_name": "BTC-31MAR23-22000-C", "index_price": 25025.37, "direction": "sell", "amount": 0.1}, {"trade_seq": 4939, "trade_id": "245747043", "timestamp": 1679011784845, "tick_direction": 2, "price": 0.1305, "mark_price": 0.13069976, "iv": 64.1, "instrument_name": "BTC-31MAR23-22000-C", "index_price": 25024.18, "direction": "sell", "amount": 0.1}, {"trade_seq": 4938, "trade_id": "245744624", "timestamp": 1679009898930, "tick_direction": 1, "price": 0.1325, "mark_price": 0.13239616, "iv": 65.36, "instrument_name": "BTC-31MAR23-22000-C", "index_price": 25080.31, "direction": "sell", "amount": 0.1}, {"trade_seq": 4937, "trade_id": "245744621", "timestamp": 1679009897552, "tick_direction": 0, "price": 0.1325, "mark_price": 0.13223852, "iv": 65.57, "instrument_name": "BTC-31MAR23-22000-C", "index_price": 25080.41, "direction": "sell", "amount": 0.1}, {"trade_seq": 4936, "trade_id": "245742423", "timestamp": 1679008131703, "tick_direction": 0, "price": 0.131, "mark_price": 0.13100067, "iv": 64.9, "instrument_name": "BTC-31MAR23-22000-C", "index_price": 25043.53, "direction": "buy", "amount": 1.0}, {"trade_seq": 4935, "trade_id": "245742240", "timestamp": 1679007991514, "tick_direction": 0, "price": 0.1305, "mark_price": 0.13050703, "iv": 64.65, "instrument_name": "BTC-31MAR23-22000-C", "index_price": 25028.24, "direction": "buy", "amount": 1.0}, {"trade_seq": 4934, "trade_id": "245740195", "timestamp": 1679006746910, "tick_direction": 0, "price": 0.129, "mark_price": 0.12906416, "iv": 64.39, "instrument_name": "BTC-31MAR23-22000-C", "index_price": 24984.92, "direction": "buy", "amount": 0.9}, {"trade_seq": 4933, "trade_id": "245582780", "timestamp": 1678952321340, "tick_direction": 0, "price": 0.118, "mark_price": 0.11822354, "iv": 60.28, "instrument_name": "BTC-31MAR23-22000-C", "index_price": 24670.47, "direction": "buy", "amount": 0.1}, {"trade_seq": 4932, "trade_id": "245553472", "timestamp": 1678935140968, "tick_direction": 2, "price": 0.1115, "mark_price": 0.11188421, "iv": 57.59, "instrument_name": "BTC-31MAR23-22000-C", "index_price": 24467.31, "direction": "sell", "amount": 0.1}, {"trade_seq": 4931, "trade_id": "245552351", "timestamp": 1678934070883, "tick_direction": 2, "price": 0.112, "mark_price": 0.1123867, "iv": 57.95, "instrument_name": "BTC-31MAR23-22000-C", "index_price": 24469.12, "direction": "sell", "amount": 0.1}, {"trade_seq": 4930, "trade_id": "245514131", "timestamp": 1678916963824, "tick_direction": 0, "price": 0.1185, "mark_price": 0.1186595, "iv": 67.78, "instrument_name": "BTC-31MAR23-22000-C", "index_price": 24512.41, "direction": "sell", "amount": 0.1}, {"trade_seq": 4929, "trade_id": "245467341", "timestamp": 1678901405382, "tick_direction": 0, "price": 0.1155, "mark_price": 0.11547407, "iv": 67.58, "instrument_name": "BTC-31MAR23-22000-C", "index_price": 24390.14, "direction": "sell", "amount": 1.0}, {"trade_seq": 4928, "trade_id": "245467020", "timestamp": 1678901320273, "tick_direction": 2, "price": 0.1145, "mark_price": 0.1137846, "iv": 68.76, "instrument_name": "BTC-31MAR23-22000-C", "index_price": 24343.25, "direction": "sell", "amount": 0.7}, {"trade_seq": 4927, "trade_id": "245252081", "timestamp": 1678840221301, "tick_direction": 2, "price": 0.1185, "mark_price": 0.11904559, "iv": 67.24, "instrument_name": "BTC-31MAR23-22000-C", "index_price": 24466.18, "direction": "sell", "amount": 0.1}, {"trade_seq": 4926, "trade_id": "245212310", "timestamp": 1678827193992, "tick_direction": 1, "price": 0.1275, "mark_price": 0.12789344, "iv": 66.48, "instrument_name": "BTC-31MAR23-22000-C", "index_price": 24803.94, "direction": "buy", "amount": 6.6}, {"trade_seq": 4925, "trade_id": "245212233", "timestamp": 1678827192041, "tick_direction": 1, "price": 0.1275, "mark_price": 0.12788447, "iv": 66.71, "instrument_name": "BTC-31MAR23-22000-C", "index_price": 24798.22, "direction": "buy", "amount": 0.3}, {"trade_seq": 4924, "trade_id": "245212232", "timestamp": 1678827192008, "tick_direction": 1, "price": 0.1275, "mark_price": 0.12788447, "iv": 66.71, "instrument_name": "BTC-31MAR23-22000-C", "index_price": 24798.22, "direction": "buy", "amount": 0.1}, {"trade_seq": 4923, "trade_id": "245212231", "timestamp": 1678827191976, "tick_direction": 1, "price": 0.1275, "mark_price": 0.12788447, "iv": 66.71, "instrument_name": "BTC-31MAR23-22000-C", "index_price": 24798.22, "direction": "buy", "amount": 1.5}, {"trade_seq": 4922, "trade_id": "245212229", "timestamp": 1678827189866, "tick_direction": 1, "price": 0.1275, "mark_price": 0.12777761, "iv": 66.82, "instrument_name": "BTC-31MAR23-22000-C", "index_price": 24798.43, "direction": "buy", "amount": 1.4}, {"trade_seq": 4921, "trade_id": "245212228", "timestamp": 1678827189579, "tick_direction": 1, "price": 0.1275, "mark_price": 0.12777761, "iv": 66.82, "instrument_name": "BTC-31MAR23-22000-C", "index_price": 24798.43, "direction": "buy", "amount": 0.3}, {"trade_seq": 4920, "trade_id": "245212227", "timestamp": 1678827189575, "tick_direction": 1, "price": 0.1275, "mark_price": 0.12777761, "iv": 66.82, "instrument_name": "BTC-31MAR23-22000-C", "index_price": 24798.43, "direction": "buy", "amount": 0.9}, {"trade_seq": 4919, "trade_id": "245212226", "timestamp": 1678827189563, "tick_direction": 1, "price": 0.1275, "mark_price": 0.12777761, "iv": 66.82, "instrument_name": "BTC-31MAR23-22000-C", "index_price": 24798.43, "direction": "buy", "amount": 1.3}, {"trade_seq": 4918, "trade_id": "245212155", "timestamp": 1678827143072, "tick_direction": 1, "price": 0.1275, "mark_price": 0.12773757, "iv": 66.62, "instrument_name": "BTC-31MAR23-22000-C", "index_price": 24796.64, "direction": "buy", "amount": 5.0}, {"trade_seq": 4917, "trade_id": "245212137", "timestamp": 1678827139730, "tick_direction": 0, "price": 0.1275, "mark_price": 0.12760968, "iv": 67.14, "instrument_name": "BTC-31MAR23-22000-C", "index_price": 24790.31, "direction": "buy", "amount": 0.1}, {"trade_seq": 4916, "trade_id": "245211371", "timestamp": 1678826736436, "tick_direction": 1, "price": 0.127, "mark_price": 0.1275025, "iv": 66.71, "instrument_name": "BTC-31MAR23-22000-C", "index_price": 24770.37, "direction": "buy", "amount": 4.7}, {"trade_seq": 4915, "trade_id": "245211363", "timestamp": 1678826734684, "tick_direction": 1, "price": 0.127, "mark_price": 0.12768884, "iv": 66.37, "instrument_name": "BTC-31MAR23-22000-C", "index_price": 24777.09, "direction": "buy", "amount": 0.1}, {"trade_seq": 4914, "trade_id": "245211354", "timestamp": 1678826733840, "tick_direction": 1, "price": 0.127, "mark_price": 0.12750203, "iv": 66.37, "instrument_name": "BTC-31MAR23-22000-C", "index_price": 24777.09, "direction": "buy", "amount": 0.1}, {"trade_seq": 4913, "trade_id": "245211353", "timestamp": 1678826733827, "tick_direction": 1, "price": 0.127, "mark_price": 0.12750203, "iv": 66.37, "instrument_name": "BTC-31MAR23-22000-C", "index_price": 24777.09, "direction": "buy", "amount": 1.8}, {"trade_seq": 4912, "trade_id": "245211335", "timestamp": 1678826731306, "tick_direction": 1, "price": 0.127, "mark_price": 0.12722249, "iv": 67.12, "instrument_name": "BTC-31MAR23-22000-C", "index_price": 24765.9, "direction": "buy", "amount": 15.0}, {"trade_seq": 4911, "trade_id": "245211326", "timestamp": 1678826730563, "tick_direction": 1, "price": 0.127, "mark_price": 0.12718306, "iv": 67.14, "instrument_name": "BTC-31MAR23-22000-C", "index_price": 24761.88, "direction": "buy", "amount": 0.1}, {"trade_seq": 4910, "trade_id": "245211323", "timestamp": 1678826729548, "tick_direction": 0, "price": 0.127, "mark_price": 0.12710866, "iv": 67.32, "instrument_name": "BTC-31MAR23-22000-C", "index_price": 24761.0, "direction": "buy", "amount": 0.2}, {"trade_seq": 4909, "trade_id": "245210649", "timestamp": 1678826532820, "tick_direction": 1, "price": 0.126, "mark_price": 0.12602076, "iv": 67.07, "instrument_name": "BTC-31MAR23-22000-C", "index_price": 24737.46, "direction": "buy", "amount": 7.0}, {"trade_seq": 4908, "trade_id": "245210647", "timestamp": 1678826532165, "tick_direction": 0, "price": 0.126, "mark_price": 0.12599866, "iv": 67.07, "instrument_name": "BTC-31MAR23-22000-C", "index_price": 24727.59, "direction": "buy", "amount": 15.0}, {"trade_seq": 4907, "trade_id": "245210496", "timestamp": 1678826513159, "tick_direction": 2, "price": 0.1255, "mark_price": 0.12539252, "iv": 67.18, "instrument_name": "BTC-31MAR23-22000-C", "index_price": 24714.83, "direction": "buy", "amount": 11.0}, {"trade_seq": 4906, "trade_id": "245207526", "timestamp": 1678826278671, "tick_direction": 1, "price": 0.127, "mark_price": 0.12805374, "iv": 64.8, "instrument_name": "BTC-31MAR23-22000-C", "index_price": 24803.76, "direction": "buy", "amount": 6.5}, {"trade_seq": 4905, "trade_id": "245207519", "timestamp": 1678826276697, "tick_direction": 1, "price": 0.127, "mark_price": 0.12782514, "iv": 65.44, "instrument_name": "BTC-31MAR23-22000-C", "index_price": 24798.18, "direction": "buy", "amount": 1.2}, {"trade_seq": 4904, "trade_id": "245207518", "timestamp": 1678826276661, "tick_direction": 1, "price": 0.127, "mark_price": 0.12782514, "iv": 65.44, "instrument_name": "BTC-31MAR23-22000-C", "index_price": 24798.18, "direction": "buy", "amount": 1.0}, {"trade_seq": 4903, "trade_id": "245207516", "timestamp": 1678826276625, "tick_direction": 1, "price": 0.127, "mark_price": 0.12782514, "iv": 65.44, "instrument_name": "BTC-31MAR23-22000-C", "index_price": 24798.18, "direction": "buy", "amount": 0.7}, {"trade_seq": 4902, "trade_id": "245207515", "timestamp": 1678826276623, "tick_direction": 0, "price": 0.127, "mark_price": 0.12782514, "iv": 65.44, "instrument_name": "BTC-31MAR23-22000-C", "index_price": 24798.18, "direction": "buy", "amount": 1.6}, {"trade_seq": 4901, "trade_id": "245187340", "timestamp": 1678822749421, "tick_direction": 2, "price": 0.123, "mark_price": 0.12290565, "iv": 67.12, "instrument_name": "BTC-31MAR23-22000-C", "index_price": 24602.39, "direction": "buy", "amount": 1.0}, {"trade_seq": 4900, "trade_id": "245186863", "timestamp": 1678822632604, "tick_direction": 0, "price": 0.125, "mark_price": 0.12472353, "iv": 67.42, "instrument_name": "BTC-31MAR23-22000-C", "index_price": 24666.41, "direction": "buy", "amount": 1.0}, {"trade_seq": 4899, "trade_id": "245186853", "timestamp": 1678822631864, "tick_direction": 2, "price": 0.1245, "mark_price": 0.12482171, "iv": 66.38, "instrument_name": "BTC-31MAR23-22000-C", "index_price": 24662.6, "direction": "buy", "amount": 1.0}, {"trade_seq": 4898, "trade_id": "245145279", "timestamp": 1678815228884, "tick_direction": 2, "price": 0.157, "mark_price": 0.15684925, "iv": 70.59, "instrument_name": "BTC-31MAR23-22000-C", "index_price": 25758.23, "direction": "buy", "amount": 1.0}, {"trade_seq": 4897, "trade_id": "245120281", "timestamp": 1678806374661, "tick_direction": 2, "price": 0.1615, "mark_price": 0.16130273, "iv": 65.22, "instrument_name": "BTC-31MAR23-22000-C", "index_price": 25993.98, "direction": "sell", "amount": 0.8}, {"trade_seq": 4896, "trade_id": "245095163", "timestamp": 1678801771358, "tick_direction": 2, "price": 0.1646, "mark_price": 0.16514957, "iv": 65.5, "instrument_name": "BTC-31MAR23-22000-C", "index_price": 26049.53, "direction": "sell", "combo_id": "BTC-CS-31MAR23-22000_26000", "block_trade_id": "68263", "amount": 30.0}, {"trade_seq": 4895, "trade_id": "245078792", "timestamp": 1678799572174, "tick_direction": 2, "price": 0.175, "mark_price": 0.17412335, "iv": 72.8, "instrument_name": "BTC-31MAR23-22000-C", "index_price": 26329.13, "direction": "sell", "amount": 0.2}, {"trade_seq": 4894, "trade_id": "245071382", "timestamp": 1678799119284, "tick_direction": 0, "price": 0.1806, "mark_price": 0.17933815, "iv": 76.17, "instrument_name": "BTC-31MAR23-22000-C", "index_price": 26446.63, "direction": "sell", "combo_id": "BTC-CS-31MAR23-22000_26000", "block_trade_id": "68230", "amount": 20.0}, {"trade_seq": 4893, "trade_id": "245065584", "timestamp": 1678798965614, "tick_direction": 0, "price": 0.1784, "mark_price": 0.17732316, "iv": 73.88, "instrument_name": "BTC-31MAR23-22000-C", "index_price": 26437.0, "direction": "sell", "combo_id": "BTC-CS-31MAR23-22000_26000", "block_trade_id": "68226", "amount": 20.0}, {"trade_seq": 4892, "trade_id": "245062600", "timestamp": 1678798853928, "tick_direction": 0, "price": 0.1705, "mark_price": 0.17073746, "iv": 68.14, "instrument_name": "BTC-31MAR23-22000-C", "index_price": 26244.9, "direction": "sell", "combo_id": "BTC-CS-31MAR23-22000_26000", "block_trade_id": "68224", "amount": 20.0}, {"trade_seq": 4891, "trade_id": "245052830", "timestamp": 1678798196276, "tick_direction": 0, "price": 0.1591, "mark_price": 0.16007972, "iv": 66.09, "instrument_name": "BTC-31MAR23-22000-C", "index_price": 25877.54, "direction": "sell", "combo_id": "BTC-CS-31MAR23-22000_26000", "block_trade_id": "68220", "amount": 30.0}, {"trade_seq": 4890, "trade_id": "245051651", "timestamp": 1678798118670, "tick_direction": 0, "price": 0.1564, "mark_price": 0.15765669, "iv": 63.45, "instrument_name": "BTC-31MAR23-22000-C", "index_price": 25814.91, "direction": "sell", "combo_id": "BTC-CS-31MAR23-22000_26000", "block_trade_id": "68219", "amount": 30.0}, {"trade_seq": 4889, "trade_id": "245025424", "timestamp": 1678797104538, "tick_direction": 0, "price": 0.146, "mark_price": 0.14485937, "iv": 66.27, "instrument_name": "BTC-31MAR23-22000-C", "index_price": 25374.57, "direction": "buy", "amount": 1.0}, {"trade_seq": 4888, "trade_id": "244957636", "timestamp": 1678779099658, "tick_direction": 0, "price": 0.111, "mark_price": 0.11050691, "iv": 61.06, "instrument_name": "BTC-31MAR23-22000-C", "index_price": 24337.58, "direction": "sell", "amount": 0.1}, {"trade_seq": 4887, "trade_id": "244957522", "timestamp": 1678779075175, "tick_direction": 2, "price": 0.11, "mark_price": 0.10996022, "iv": 60.53, "instrument_name": "BTC-31MAR23-22000-C", "index_price": 24313.48, "direction": "sell", "amount": 1.0}, {"trade_seq": 4886, "trade_id": "244957461", "timestamp": 1678779066456, "tick_direction": 2, "price": 0.111, "mark_price": 0.1105659, "iv": 61.13, "instrument_name": "BTC-31MAR23-22000-C", "index_price": 24335.64, "direction": "sell", "amount": 0.2}, {"trade_seq": 4885, "trade_id": "244957295", "timestamp": 1678779048580, "tick_direction": 2, "price": 0.112, "mark_price": 0.11078313, "iv": 62.22, "instrument_name": "BTC-31MAR23-22000-C", "index_price": 24348.39, "direction": "sell", "amount": 0.2}, {"trade_seq": 4884, "trade_id": "244956851", "timestamp": 1678778976175, "tick_direction": 3, "price": 0.113, "mark_price": 0.11247206, "iv": 61.29, "instrument_name": "BTC-31MAR23-22000-C", "index_price": 24399.31, "direction": "sell", "amount": 0.3}, {"trade_seq": 4883, "trade_id": "244956782", "timestamp": 1678778964043, "tick_direction": 2, "price": 0.113, "mark_price": 0.11290981, "iv": 60.58, "instrument_name": "BTC-31MAR23-22000-C", "index_price": 24413.24, "direction": "sell", "amount": 0.2}, {"trade_seq": 4882, "trade_id": "244947785", "timestamp": 1678774925054, "tick_direction": 0, "price": 0.1165, "mark_price": 0.11667599, "iv": 60.54, "instrument_name": "BTC-31MAR23-22000-C", "index_price": 24541.42, "direction": "sell", "amount": 0.2}, {"trade_seq": 4881, "trade_id": "244944557", "timestamp": 1678773260441, "tick_direction": 2, "price": 0.1125, "mark_price": 0.1124497, "iv": 59.96, "instrument_name": "BTC-31MAR23-22000-C", "index_price": 24408.82, "direction": "sell", "amount": 0.1}, {"trade_seq": 4880, "trade_id": "244944392", "timestamp": 1678773192483, "tick_direction": 2, "price": 0.1135, "mark_price": 0.11329474, "iv": 60.39, "instrument_name": "BTC-31MAR23-22000-C", "index_price": 24436.97, "direction": "sell", "amount": 0.1}, {"trade_seq": 4879, "trade_id": "244944286", "timestamp": 1678773159012, "tick_direction": 2, "price": 0.114, "mark_price": 0.11392998, "iv": 60.56, "instrument_name": "BTC-31MAR23-22000-C", "index_price": 24451.23, "direction": "sell", "amount": 0.1}, {"trade_seq": 4878, "trade_id": "244943834", "timestamp": 1678772904717, "tick_direction": 0, "price": 0.1145, "mark_price": 0.11443673, "iv": 60.67, "instrument_name": "BTC-31MAR23-22000-C", "index_price": 24466.97, "direction": "sell", "amount": 0.7}, {"trade_seq": 4877, "trade_id": "244901883", "timestamp": 1678753488879, "tick_direction": 2, "price": 0.109, "mark_price": 0.10934319, "iv": 62.31, "instrument_name": "BTC-31MAR23-22000-C", "index_price": 24215.95, "direction": "buy", "amount": 1.1}, {"trade_seq": 4876, "trade_id": "244858167", "timestamp": 1678732905146, "tick_direction": 0, "price": 0.115, "mark_price": 0.11418168, "iv": 67.5, "instrument_name": "BTC-31MAR23-22000-C", "index_price": 24264.94, "direction": "sell", "amount": 1.7}, {"trade_seq": 4875, "trade_id": "244850029", "timestamp": 1678729862603, "tick_direction": 0, "price": 0.111, "mark_price": 0.11105951, "iv": 66.07, "instrument_name": "BTC-31MAR23-22000-C", "index_price": 24156.6, "direction": "buy", "amount": 1.0}, {"trade_seq": 4874, "trade_id": "244843400", "timestamp": 1678727868391, "tick_direction": 1, "price": 0.1065, "mark_price": 0.10713674, "iv": 65.72, "instrument_name": "BTC-31MAR23-22000-C", "index_price": 23994.96, "direction": "buy", "amount": 0.9}, {"trade_seq": 4873, "trade_id": "244843358", "timestamp": 1678727853094, "tick_direction": 0, "price": 0.1065, "mark_price": 0.10713403, "iv": 65.77, "instrument_name": "BTC-31MAR23-22000-C", "index_price": 23993.62, "direction": "buy", "amount": 0.1}, {"trade_seq": 4872, "trade_id": "244842103", "timestamp": 1678727356069, "tick_direction": 3, "price": 0.106, "mark_price": 0.10634942, "iv": 66.23, "instrument_name": "BTC-31MAR23-22000-C", "index_price": 23961.34, "direction": "sell", "block_trade_id": "68008", "amount": 6.5}, {"trade_seq": 4871, "trade_id": "244840359", "timestamp": 1678726852384, "tick_direction": 2, "price": 0.106, "mark_price": 0.10927416, "iv": 62.95, "instrument_name": "BTC-31MAR23-22000-C", "index_price": 24055.18, "direction": "sell", "amount": 0.1}, {"trade_seq": 4870, "trade_id": "244838370", "timestamp": 1678726126664, "tick_direction": 3, "price": 0.11, "mark_price": 0.11026972, "iv": 68.97, "instrument_name": "BTC-31MAR23-22000-C", "index_price": 24048.02, "direction": "sell", "amount": 0.1}, {"trade_seq": 4869, "trade_id": "244838369", "timestamp": 1678726126664, "tick_direction": 2, "price": 0.11, "mark_price": 0.11026972, "iv": 68.97, "instrument_name": "BTC-31MAR23-22000-C", "index_price": 24048.02, "direction": "sell", "amount": 0.1}, {"trade_seq": 4868, "trade_id": "244832447", "timestamp": 1678725137326, "tick_direction": 2, "price": 0.1105, "mark_price": 0.11089202, "iv": 68.84, "instrument_name": "BTC-31MAR23-22000-C", "index_price": 24070.31, "direction": "sell", "amount": 0.1}, {"trade_seq": 4867, "trade_id": "244824896", "timestamp": 1678723749597, "tick_direction": 0, "price": 0.1175, "mark_price": 0.11564953, "iv": 72.63, "instrument_name": "BTC-31MAR23-22000-C", "index_price": 24233.88, "direction": "sell", "amount": 0.1}, {"trade_seq": 4866, "trade_id": "244823886", "timestamp": 1678723576596, "tick_direction": 3, "price": 0.113, "mark_price": 0.11311661, "iv": 70.17, "instrument_name": "BTC-31MAR23-22000-C", "index_price": 24149.61, "direction": "buy", "amount": 1.0}, {"trade_seq": 4865, "trade_id": "244820918", "timestamp": 1678723022358, "tick_direction": 2, "price": 0.113, "mark_price": 0.1132041, "iv": 70.43, "instrument_name": "BTC-31MAR23-22000-C", "index_price": 24120.73, "direction": "buy", "amount": 0.3}, {"trade_seq": 4864, "trade_id": "244797578", "timestamp": 1678720809663, "tick_direction": 2, "price": 0.118, "mark_price": 0.11848455, "iv": 72.53, "instrument_name": "BTC-31MAR23-22000-C", "index_price": 24267.2, "direction": "buy", "amount": 0.2}, {"trade_seq": 4863, "trade_id": "244795918", "timestamp": 1678720631092, "tick_direction": 1, "price": 0.12, "mark_price": 0.12005137, "iv": 74.32, "instrument_name": "BTC-31MAR23-22000-C", "index_price": 24275.13, "direction": "sell", "amount": 0.1}, {"trade_seq": 4862, "trade_id": "244784814", "timestamp": 1678720126446, "tick_direction": 0, "price": 0.12, "mark_price": 0.11834958, "iv": 72.86, "instrument_name": "BTC-31MAR23-22000-C", "index_price": 24326.45, "direction": "buy", "amount": 0.5}, {"trade_seq": 4861, "trade_id": "244772352", "timestamp": 1678719707210, "tick_direction": 0, "price": 0.1, "mark_price": 0.09950418, "iv": 68.34, "instrument_name": "BTC-31MAR23-22000-C", "index_price": 23761.9, "direction": "buy", "amount": 1.0}, {"trade_seq": 4860, "trade_id": "244765965", "timestamp": 1678718914162, "tick_direction": 0, "price": 0.097, "mark_price": 0.09545917, "iv": 69.38, "instrument_name": "BTC-31MAR23-22000-C", "index_price": 23614.23, "direction": "sell", "amount": 2.0}, {"trade_seq": 4859, "trade_id": "244763889", "timestamp": 1678718787795, "tick_direction": 1, "price": 0.096, "mark_price": 0.09532184, "iv": 68.12, "instrument_name": "BTC-31MAR23-22000-C", "index_price": 23621.77, "direction": "sell", "amount": 2.4}, {"trade_seq": 4858, "trade_id": "244763888", "timestamp": 1678718787770, "tick_direction": 0, "price": 0.096, "mark_price": 0.09532184, "iv": 68.12, "instrument_name": "BTC-31MAR23-22000-C", "index_price": 23621.77, "direction": "sell", "amount": 2.6}, {"trade_seq": 4857, "trade_id": "244759116", "timestamp": 1678718148520, "tick_direction": 3, "price": 0.0945, "mark_price": 0.09448613, "iv": 68.12, "instrument_name": "BTC-31MAR23-22000-C", "index_price": 23559.75, "direction": "buy", "amount": 5.0}, {"trade_seq": 4856, "trade_id": "244759115", "timestamp": 1678718148520, "tick_direction": 2, "price": 0.0945, "mark_price": 0.09448613, "iv": 68.12, "instrument_name": "BTC-31MAR23-22000-C", "index_price": 23559.75, "direction": "buy", "amount": 5.3}, {"trade_seq": 4855, "trade_id": "244752941", "timestamp": 1678717682158, "tick_direction": 0, "price": 0.096, "mark_price": 0.09372778, "iv": 70.82, "instrument_name": "BTC-31MAR23-22000-C", "index_price": 23523.26, "direction": "sell", "combo_id": "BTC-CS-31MAR23-22000_23000", "block_trade_id": "67922", "amount": 12.5}, {"trade_seq": 4854, "trade_id": "244747683", "timestamp": 1678717421467, "tick_direction": 0, "price": 0.095, "mark_price": 0.09470731, "iv": 67.15, "instrument_name": "BTC-31MAR23-22000-C", "index_price": 23545.27, "direction": "sell", "amount": 0.1}, {"trade_seq": 4853, "trade_id": "244743843", "timestamp": 1678717336468, "tick_direction": 0, "price": 0.09, "mark_price": 0.0895017, "iv": 66.74, "instrument_name": "BTC-31MAR23-22000-C", "index_price": 23409.76, "direction": "buy", "amount": 0.5}, {"trade_seq": 4852, "trade_id": "244737855", "timestamp": 1678717075784, "tick_direction": 0, "price": 0.082, "mark_price": 0.0814476, "iv": 65.96, "instrument_name": "BTC-31MAR23-22000-C", "index_price": 23136.47, "direction": "buy", "amount": 4.7}, {"trade_seq": 4851, "trade_id": "244737803", "timestamp": 1678717072179, "tick_direction": 2, "price": 0.081, "mark_price": 0.08144158, "iv": 64.68, "instrument_name": "BTC-31MAR23-22000-C", "index_price": 23120.34, "direction": "buy", "amount": 7.7}, {"trade_seq": 4850, "trade_id": "244737466", "timestamp": 1678717053320, "tick_direction": 0, "price": 0.082, "mark_price": 0.08238822, "iv": 64.71, "instrument_name": "BTC-31MAR23-22000-C", "index_price": 23148.03, "direction": "buy", "amount": 6.3}, {"trade_seq": 4849, "trade_id": "244737453", "timestamp": 1678717050963, "tick_direction": 1, "price": 0.0815, "mark_price": 0.08243486, "iv": 63.95, "instrument_name": "BTC-31MAR23-22000-C", "index_price": 23148.43, "direction": "buy", "amount": 2.5}, {"trade_seq": 4848, "trade_id": "244737452", "timestamp": 1678717050942, "tick_direction": 0, "price": 0.0815, "mark_price": 0.08243486, "iv": 63.95, "instrument_name": "BTC-31MAR23-22000-C", "index_price": 23148.43, "direction": "buy", "amount": 2.6}, {"trade_seq": 4847, "trade_id": "244732789", "timestamp": 1678716632440, "tick_direction": 0, "price": 0.0775, "mark_price": 0.07863483, "iv": 63.57, "instrument_name": "BTC-31MAR23-22000-C", "index_price": 22973.54, "direction": "sell", "amount": 0.2}, {"trade_seq": 4846, "trade_id": "244725991", "timestamp": 1678716411972, "tick_direction": 0, "price": 0.0685, "mark_price": 0.06846907, "iv": 63.98, "instrument_name": "BTC-31MAR23-22000-C", "index_price": 22608.53, "direction": "buy", "amount": 5.0}, {"trade_seq": 4845, "trade_id": "244724273", "timestamp": 1678716068206, "tick_direction": 1, "price": 0.067, "mark_price": 0.06686931, "iv": 63.79, "instrument_name": "BTC-31MAR23-22000-C", "index_price": 22545.23, "direction": "sell", "amount": 5.3}, {"trade_seq": 4844, "trade_id": "244724272", "timestamp": 1678716065446, "tick_direction": 1, "price": 0.067, "mark_price": 0.06690693, "iv": 63.78, "instrument_name": "BTC-31MAR23-22000-C", "index_price": 22544.08, "direction": "sell", "amount": 2.4}, {"trade_seq": 4843, "trade_id": "244724131", "timestamp": 1678716011165, "tick_direction": 1, "price": 0.067, "mark_price": 0.06687985, "iv": 63.74, "instrument_name": "BTC-31MAR23-22000-C", "index_price": 22548.58, "direction": "sell", "amount": 2.2}, {"trade_seq": 4842, "trade_id": "244724120", "timestamp": 1678716008088, "tick_direction": 0, "price": 0.067, "mark_price": 0.0669978, "iv": 63.57, "instrument_name": "BTC-31MAR23-22000-C", "index_price": 22553.06, "direction": "sell", "amount": 0.1}, {"trade_seq": 4841, "trade_id": "244716158", "timestamp": 1678714419632, "tick_direction": 2, "price": 0.063, "mark_price": 0.06341429, "iv": 63.43, "instrument_name": "BTC-31MAR23-22000-C", "index_price": 22383.15, "direction": "buy", "amount": 1.0}, {"trade_seq": 4840, "trade_id": "244711073", "timestamp": 1678713589236, "tick_direction": 1, "price": 0.0695, "mark_price": 0.06962033, "iv": 64.63, "instrument_name": "BTC-31MAR23-22000-C", "index_price": 22572.89, "direction": "sell", "amount": 6.6}, {"trade_seq": 4839, "trade_id": "244711060", "timestamp": 1678713588176, "tick_direction": 1, "price": 0.0695, "mark_price": 0.06948704, "iv": 64.63, "instrument_name": "BTC-31MAR23-22000-C", "index_price": 22583.39, "direction": "sell", "amount": 1.1}, {"trade_seq": 4838, "trade_id": "244711058", "timestamp": 1678713588147, "tick_direction": 0, "price": 0.0695, "mark_price": 0.06948704, "iv": 64.63, "instrument_name": "BTC-31MAR23-22000-C", "index_price": 22583.39, "direction": "sell", "amount": 2.3}, {"trade_seq": 4837, "trade_id": "244698182", "timestamp": 1678712285058, "tick_direction": 0, "price": 0.0575, "mark_price": 0.05694304, "iv": 61.6, "instrument_name": "BTC-31MAR23-22000-C", "index_price": 22169.21, "direction": "buy", "amount": 0.1}, {"trade_seq": 4836, "trade_id": "244697555", "timestamp": 1678712097712, "tick_direction": 1, "price": 0.055, "mark_price": 0.05397126, "iv": 60.91, "instrument_name": "BTC-31MAR23-22000-C", "index_price": 22092.72, "direction": "sell", "amount": 11.5}, {"trade_seq": 4835, "trade_id": "244697554", "timestamp": 1678712097455, "tick_direction": 1, "price": 0.055, "mark_price": 0.05397126, "iv": 60.91, "instrument_name": "BTC-31MAR23-22000-C", "index_price": 22092.72, "direction": "buy", "amount": 6.0}, {"trade_seq": 4834, "trade_id": "244697553", "timestamp": 1678712097455, "tick_direction": 1, "price": 0.055, "mark_price": 0.05397126, "iv": 60.91, "instrument_name": "BTC-31MAR23-22000-C", "index_price": 22092.72, "direction": "buy", "amount": 2.2}, {"trade_seq": 4833, "trade_id": "244697552", "timestamp": 1678712097455, "tick_direction": 0, "price": 0.055, "mark_price": 0.05397126, "iv": 60.91, "instrument_name": "BTC-31MAR23-22000-C", "index_price": 22092.72, "direction": "buy", "amount": 10.3}, {"trade_seq": 4832, "trade_id": "244697084", "timestamp": 1678711925001, "tick_direction": 1, "price": 0.053, "mark_price": 0.05338222, "iv": 58.92, "instrument_name": "BTC-31MAR23-22000-C", "index_price": 22077.85, "direction": "sell", "amount": 1.0}, {"trade_seq": 4831, "trade_id": "244696154", "timestamp": 1678711627885, "tick_direction": 0, "price": 0.053, "mark_price": 0.0531383, "iv": 58.78, "instrument_name": "BTC-31MAR23-22000-C", "index_price": 22070.33, "direction": "buy", "amount": 1.0}, {"trade_seq": 4830, "trade_id": "244695816", "timestamp": 1678711505972, "tick_direction": 2, "price": 0.0525, "mark_price": 0.05296399, "iv": 58.33, "instrument_name": "BTC-31MAR23-22000-C", "index_price": 22055.44, "direction": "buy", "amount": 1.0}, {"trade_seq": 4829, "trade_id": "244695474", "timestamp": 1678711392303, "tick_direction": 1, "price": 0.053, "mark_price": 0.05266979, "iv": 58.41, "instrument_name": "BTC-31MAR23-22000-C", "index_price": 22085.72, "direction": "buy", "amount": 3.4}, {"trade_seq": 4828, "trade_id": "244695473", "timestamp": 1678711392303, "tick_direction": 0, "price": 0.053, "mark_price": 0.05266979, "iv": 58.41, "instrument_name": "BTC-31MAR23-22000-C", "index_price": 22085.72, "direction": "buy", "amount": 5.0}, {"trade_seq": 4827, "trade_id": "244691220", "timestamp": 1678709466498, "tick_direction": 3, "price": 0.0515, "mark_price": 0.05112765, "iv": 57.59, "instrument_name": "BTC-31MAR23-22000-C", "index_price": 22065.45, "direction": "sell", "amount": 20.5}, {"trade_seq": 4826, "trade_id": "244691218", "timestamp": 1678709466487, "tick_direction": 3, "price": 0.0515, "mark_price": 0.05112765, "iv": 57.59, "instrument_name": "BTC-31MAR23-22000-C", "index_price": 22065.45, "direction": "sell", "amount": 19.0}, {"trade_seq": 4825, "trade_id": "244691193", "timestamp": 1678709466203, "tick_direction": 2, "price": 0.0515, "mark_price": 0.05112765, "iv": 57.59, "instrument_name": "BTC-31MAR23-22000-C", "index_price": 22065.45, "direction": "sell", "amount": 5.0}, {"trade_seq": 4824, "trade_id": "244687691", "timestamp": 1678707651314, "tick_direction": 0, "price": 0.052, "mark_price": 0.0521471, "iv": 56.91, "instrument_name": "BTC-31MAR23-22000-C", "index_price": 22116.04, "direction": "buy", "amount": 0.1}, {"trade_seq": 4823, "trade_id": "244686537", "timestamp": 1678706892215, "tick_direction": 3, "price": 0.0515, "mark_price": 0.05117398, "iv": 57.44, "instrument_name": "BTC-31MAR23-22000-C", "index_price": 22089.67, "direction": "sell", "amount": 1.9}, {"trade_seq": 4822, "trade_id": "244686509", "timestamp": 1678706888228, "tick_direction": 3, "price": 0.0515, "mark_price": 0.05126624, "iv": 57.29, "instrument_name": "BTC-31MAR23-22000-C", "index_price": 22094.33, "direction": "sell", "amount": 1.8}, {"trade_seq": 4821, "trade_id": "244686433", "timestamp": 1678706841148, "tick_direction": 2, "price": 0.0515, "mark_price": 0.05122174, "iv": 57.11, "instrument_name": "BTC-31MAR23-22000-C", "index_price": 22106.0, "direction": "sell", "amount": 1.8}, {"trade_seq": 4820, "trade_id": "244685927", "timestamp": 1678706340519, "tick_direction": 2, "price": 0.052, "mark_price": 0.05229841, "iv": 56.69, "instrument_name": "BTC-31MAR23-22000-C", "index_price": 22143.37, "direction": "buy", "amount": 0.1}, {"trade_seq": 4819, "trade_id": "244684114", "timestamp": 1678705477047, "tick_direction": 0, "price": 0.0525, "mark_price": 0.05293272, "iv": 55.83, "instrument_name": "BTC-31MAR23-22000-C", "index_price": 22204.08, "direction": "buy", "amount": 4.0}, {"trade_seq": 4818, "trade_id": "244682240", "timestamp": 1678704675408, "tick_direction": 0, "price": 0.0508, "mark_price": 0.05077945, "iv": 56.09, "instrument_name": "BTC-31MAR23-22000-C", "index_price": 22119.65, "direction": "buy", "block_trade_id": "67874", "amount": 6.5}, {"trade_seq": 4817, "trade_id": "244679639", "timestamp": 1678703211076, "tick_direction": 1, "price": 0.0495, "mark_price": 0.04946747, "iv": 56.62, "instrument_name": "BTC-31MAR23-22000-C", "index_price": 22032.59, "direction": "sell", "amount": 2.5}, {"trade_seq": 4816, "trade_id": "244679544", "timestamp": 1678703186524, "tick_direction": 0, "price": 0.0495, "mark_price": 0.04984006, "iv": 56.22, "instrument_name": "BTC-31MAR23-22000-C", "index_price": 22037.5, "direction": "sell", "amount": 0.4}, {"trade_seq": 4815, "trade_id": "244679052", "timestamp": 1678702955402, "tick_direction": 3, "price": 0.048, "mark_price": 0.04818322, "iv": 56.45, "instrument_name": "BTC-31MAR23-22000-C", "index_price": 21953.95, "direction": "sell", "amount": 2.1}, {"trade_seq": 4814, "trade_id": "244678946", "timestamp": 1678702861625, "tick_direction": 3, "price": 0.048, "mark_price": 0.04801497, "iv": 56.52, "instrument_name": "BTC-31MAR23-22000-C", "index_price": 21950.62, "direction": "sell", "amount": 0.3}, {"trade_seq": 4813, "trade_id": "244678945", "timestamp": 1678702861608, "tick_direction": 3, "price": 0.048, "mark_price": 0.04801497, "iv": 56.52, "instrument_name": "BTC-31MAR23-22000-C", "index_price": 21950.62, "direction": "sell", "amount": 0.7}, {"trade_seq": 4812, "trade_id": "244678719", "timestamp": 1678702815512, "tick_direction": 3, "price": 0.048, "mark_price": 0.04828425, "iv": 56.37, "instrument_name": "BTC-31MAR23-22000-C", "index_price": 21950.15, "direction": "sell", "amount": 1.5}, {"trade_seq": 4811, "trade_id": "244677819", "timestamp": 1678702651022, "tick_direction": 3, "price": 0.048, "mark_price": 0.04823346, "iv": 56.37, "instrument_name": "BTC-31MAR23-22000-C", "index_price": 21958.76, "direction": "sell", "amount": 0.2}, {"trade_seq": 4810, "trade_id": "244677818", "timestamp": 1678702650989, "tick_direction": 2, "price": 0.048, "mark_price": 0.04823346, "iv": 56.37, "instrument_name": "BTC-31MAR23-22000-C", "index_price": 21958.76, "direction": "sell", "amount": 2.3}, {"trade_seq": 4809, "trade_id": "244666520", "timestamp": 1678699604679, "tick_direction": 2, "price": 0.052, "mark_price": 0.05229466, "iv": 54.51, "instrument_name": "BTC-31MAR23-22000-C", "index_price": 22203.94, "direction": "buy", "amount": 1.0}, {"trade_seq": 4808, "trade_id": "244664998", "timestamp": 1678698808423, "tick_direction": 3, "price": 0.053, "mark_price": 0.05280765, "iv": 54.26, "instrument_name": "BTC-31MAR23-22000-C", "index_price": 22260.98, "direction": "buy", "amount": 0.5}, {"trade_seq": 4807, "trade_id": "244661656", "timestamp": 1678698040364, "tick_direction": 2, "price": 0.053, "mark_price": 0.05307515, "iv": 54.49, "instrument_name": "BTC-31MAR23-22000-C", "index_price": 22247.53, "direction": "sell", "amount": 0.1}, {"trade_seq": 4806, "trade_id": "244661445", "timestamp": 1678697960816, "tick_direction": 2, "price": 0.054, "mark_price": 0.05376343, "iv": 54.93, "instrument_name": "BTC-31MAR23-22000-C", "index_price": 22274.52, "direction": "sell", "amount": 0.1}, {"trade_seq": 4805, "trade_id": "244656014", "timestamp": 1678696169956, "tick_direction": 2, "price": 0.0585, "mark_price": 0.05858051, "iv": 55.46, "instrument_name": "BTC-31MAR23-22000-C", "index_price": 22443.18, "direction": "sell", "amount": 0.1}, {"trade_seq": 4804, "trade_id": "244654931", "timestamp": 1678695551377, "tick_direction": 2, "price": 0.059, "mark_price": 0.05906135, "iv": 55.09, "instrument_name": "BTC-31MAR23-22000-C", "index_price": 22476.13, "direction": "sell", "amount": 0.1}, {"trade_seq": 4803, "trade_id": "244653795", "timestamp": 1678695141805, "tick_direction": 2, "price": 0.0595, "mark_price": 0.05879529, "iv": 55.45, "instrument_name": "BTC-31MAR23-22000-C", "index_price": 22484.62, "direction": "buy", "amount": 0.1}, {"trade_seq": 4802, "trade_id": "244651807", "timestamp": 1678694817960, "tick_direction": 2, "price": 0.06, "mark_price": 0.06024765, "iv": 53.39, "instrument_name": "BTC-31MAR23-22000-C", "index_price": 22584.04, "direction": "sell", "combo_id": "BTC-RR-31MAR23-18000_22000", "block_trade_id": "67821", "amount": 100.0}, {"trade_seq": 4801, "trade_id": "244650705", "timestamp": 1678694700171, "tick_direction": 1, "price": 0.0605, "mark_price": 0.06043796, "iv": 53.72, "instrument_name": "BTC-31MAR23-22000-C", "index_price": 22579.6, "direction": "sell", "amount": 0.1}, {"trade_seq": 4800, "trade_id": "244650704", "timestamp": 1678694700169, "tick_direction": 0, "price": 0.0605, "mark_price": 0.06043796, "iv": 53.72, "instrument_name": "BTC-31MAR23-22000-C", "index_price": 22579.6, "direction": "sell", "amount": 2.3}, {"trade_seq": 4799, "trade_id": "244647864", "timestamp": 1678694044536, "tick_direction": 1, "price": 0.0585, "mark_price": 0.05883085, "iv": 53.0, "instrument_name": "BTC-31MAR23-22000-C", "index_price": 22546.06, "direction": "sell", "amount": 6.0}, {"trade_seq": 4798, "trade_id": "244646488", "timestamp": 1678693804922, "tick_direction": 0, "price": 0.0585, "mark_price": 0.05924819, "iv": 52.38, "instrument_name": "BTC-31MAR23-22000-C", "index_price": 22573.24, "direction": "sell", "amount": 1.0}, {"trade_seq": 4797, "trade_id": "244643484", "timestamp": 1678692962200, "tick_direction": 0, "price": 0.058, "mark_price": 0.05678637, "iv": 53.95, "instrument_name": "BTC-31MAR23-22000-C", "index_price": 22527.54, "direction": "sell", "amount": 0.1}, {"trade_seq": 4796, "trade_id": "244640288", "timestamp": 1678692126434, "tick_direction": 0, "price": 0.0555, "mark_price": 0.05552919, "iv": 52.47, "instrument_name": "BTC-31MAR23-22000-C", "index_price": 22464.7, "direction": "sell", "amount": 6.0}, {"trade_seq": 4795, "trade_id": "244639917", "timestamp": 1678692043125, "tick_direction": 1, "price": 0.055, "mark_price": 0.05502102, "iv": 52.5, "instrument_name": "BTC-31MAR23-22000-C", "index_price": 22452.09, "direction": "sell", "amount": 5.8}