{"trades": [{"trade_seq": 115, "trade_id": "3189676", "timestamp": 1514022087402, "tick_direction": 3, "price": 0.8691, "mark_price": 0.8941241, "iv": 0.0, "instrument_name": "BTC-29DEC17-1500-C", "index_price": 14501.32, "direction": "buy", "amount": 0.2}, {"trade_seq": 114, "trade_id": "3189662", "timestamp": 1514022087056, "tick_direction": 2, "price": 0.8691, "mark_price": 0.8941241, "iv": 0.0, "instrument_name": "BTC-29DEC17-1500-C", "index_price": 14543.36, "direction": "buy", "amount": 1.0}, {"trade_seq": 113, "trade_id": "3093647", "timestamp": 1513921374170, "tick_direction": 2, "price": 0.8909, "mark_price": 0.89285722, "iv": 0.0, "instrument_name": "BTC-29DEC17-1500-C", "index_price": 14213.9, "direction": "buy", "amount": 1.2}, {"trade_seq": 112, "trade_id": "2969913", "timestamp": 1513717929605, "tick_direction": 2, "price": 0.9113, "mark_price": 0.91563555, "iv": 0.0, "instrument_name": "BTC-29DEC17-1500-C", "index_price": 17448.72, "direction": "buy", "amount": 2.5}, {"trade_seq": 111, "trade_id": "2617477", "timestamp": 1513112650576, "tick_direction": 0, "price": 0.9121, "mark_price": 0.91762768, "iv": 0.0, "instrument_name": "BTC-29DEC17-1500-C", "index_price": 17308.98, "direction": "sell", "amount": 1.0}, {"trade_seq": 110, "trade_id": "2617270", "timestamp": 1513112305278, "tick_direction": 1, "price": 0.9118, "mark_price": 0.91683618, "iv": 0.0, "instrument_name": "BTC-29DEC17-1500-C", "index_price": 17227.57, "direction": "sell", "amount": 0.9}, {"trade_seq": 109, "trade_id": "2617261", "timestamp": 1513112275769, "tick_direction": 0, "price": 0.9118, "mark_price": 0.91694417, "iv": 0.0, "instrument_name": "BTC-29DEC17-1500-C", "index_price": 17242.88, "direction": "sell", "amount": 0.1}, {"trade_seq": 108, "trade_id": "2514155", "timestamp": 1512943938797, "tick_direction": 0, "price": 0.905, "mark_price": 0.90054996, "iv": 500.0, "instrument_name": "BTC-29DEC17-1500-C", "index_price": 15621.71, "direction": "buy", "amount": 0.2}, {"trade_seq": 107, "trade_id": "2473513", "timestamp": 1512906544043, "tick_direction": 2, "price": 0.8946, "mark_price": 0.89455185, "iv": 313.96, "instrument_name": "BTC-29DEC17-1500-C", "index_price": 13997.94, "direction": "sell", "amount": 0.1}, {"trade_seq": 106, "trade_id": "2358511", "timestamp": 1512748611640, "tick_direction": 2, "price": 0.9033, "mark_price": 0.90588454, "iv": 0.0, "instrument_name": "BTC-29DEC17-1500-C", "index_price": 15486.9, "direction": "sell", "amount": 1.0}, {"trade_seq": 105, "trade_id": "2219355", "timestamp": 1512665749234, "tick_direction": 0, "price": 0.9141, "mark_price": 0.90000007, "iv": 500.0, "instrument_name": "BTC-29DEC17-1500-C", "index_price": 15094.42, "direction": "buy", "amount": 1.0}, {"trade_seq": 104, "trade_id": "2211842", "timestamp": 1512664735628, "tick_direction": 2, "price": 0.9043, "mark_price": 0.90570088, "iv": 0.0, "instrument_name": "BTC-29DEC17-1500-C", "index_price": 15615.38, "direction": "buy", "amount": 1.0}, {"trade_seq": 103, "trade_id": "2211812", "timestamp": 1512664735191, "tick_direction": 2, "price": 0.9058, "mark_price": 0.90642545, "iv": 0.0, "instrument_name": "BTC-29DEC17-1500-C", "index_price": 15828.56, "direction": "sell", "amount": 1.0}, {"trade_seq": 102, "trade_id": "2211261", "timestamp": 1512664580655, "tick_direction": 2, "price": 0.9066, "mark_price": 0.90733906, "iv": 0.0, "instrument_name": "BTC-29DEC17-1500-C", "index_price": 15522.16, "direction": "buy", "amount": 1.0}, {"trade_seq": 101, "trade_id": "2179867", "timestamp": 1512645776313, "tick_direction": 1, "price": 0.9118, "mark_price": 0.89808786, "iv": 500.0, "instrument_name": "BTC-29DEC17-1500-C", "index_price": 14877.31, "direction": "sell", "amount": 0.7}, {"trade_seq": 100, "trade_id": "2179863", "timestamp": 1512645768797, "tick_direction": 0, "price": 0.9118, "mark_price": 0.89803243, "iv": 500.0, "instrument_name": "BTC-29DEC17-1500-C", "index_price": 14883.49, "direction": "buy", "amount": 1.0}, {"trade_seq": 99, "trade_id": "2065088", "timestamp": 1512413543818, "tick_direction": 0, "price": 0.8764, "mark_price": 0.86742582, "iv": 483.95, "instrument_name": "BTC-29DEC17-1500-C", "index_price": 11173.89, "direction": "buy", "amount": 0.1}, {"trade_seq": 98, "trade_id": "2063447", "timestamp": 1512409348743, "tick_direction": 0, "price": 0.8632, "mark_price": 0.86888628, "iv": 0.0, "instrument_name": "BTC-29DEC17-1500-C", "index_price": 11329.47, "direction": "buy", "amount": 0.1}, {"trade_seq": 97, "trade_id": "2022179", "timestamp": 1512337026832, "tick_direction": 0, "price": 0.8606, "mark_price": 0.86242937, "iv": 0.0, "instrument_name": "BTC-29DEC17-1500-C", "index_price": 10948.92, "direction": "sell", "amount": 1.0}, {"trade_seq": 96, "trade_id": "1882768", "timestamp": 1512066569033, "tick_direction": 2, "price": 0.8425, "mark_price": 0.84461675, "iv": 0.0, "instrument_name": "BTC-29DEC17-1500-C", "index_price": 9733.26, "direction": "sell", "amount": 1.1}, {"trade_seq": 95, "trade_id": "1778803", "timestamp": 1511968646255, "tick_direction": 2, "price": 0.8643, "mark_price": 0.86822987, "iv": 0.0, "instrument_name": "BTC-29DEC17-1500-C", "index_price": 11144.96, "direction": "buy", "amount": 0.5}, {"trade_seq": 94, "trade_id": "1778799", "timestamp": 1511968645900, "tick_direction": 2, "price": 0.8652, "mark_price": 0.86822987, "iv": 0.0, "instrument_name": "BTC-29DEC17-1500-C", "index_price": 11183.95, "direction": "sell", "amount": 2.0}, {"trade_seq": 93, "trade_id": "1776825", "timestamp": 1511968186278, "tick_direction": 0, "price": 0.87, "mark_price": 0.87086788, "iv": 0.0, "instrument_name": "BTC-29DEC17-1500-C", "index_price": 11283.23, "direction": "buy", "amount": 0.2}, {"trade_seq": 92, "trade_id": "1706381", "timestamp": 1511745812541, "tick_direction": 0, "price": 0.845, "mark_price": 0.84701683, "iv": 0.0, "instrument_name": "BTC-29DEC17-1500-C", "index_price": 9580.34, "direction": "buy", "amount": 0.4}, {"trade_seq": 91, "trade_id": "1679920", "timestamp": 1511673081534, "tick_direction": 0, "price": 0.832, "mark_price": 0.83418837, "iv": 0.0, "instrument_name": "BTC-29DEC17-1500-C", "index_price": 8928.63, "direction": "buy", "amount": 0.1}, {"trade_seq": 90, "trade_id": "1443794", "timestamp": 1510706998402, "tick_direction": 0, "price": 0.7865, "mark_price": 0.77858049, "iv": 260.34, "instrument_name": "BTC-29DEC17-1500-C", "index_price": 6753.72, "direction": "buy", "amount": 1.1}, {"trade_seq": 89, "trade_id": "1430464", "timestamp": 1510643795258, "tick_direction": 3, "price": 0.7798, "mark_price": 0.77196732, "iv": 252.71, "instrument_name": "BTC-29DEC17-1500-C", "index_price": 6602.23, "direction": "buy", "amount": 0.1}, {"trade_seq": 88, "trade_id": "1430463", "timestamp": 1510643755633, "tick_direction": 2, "price": 0.7798, "mark_price": 0.77197044, "iv": 252.69, "instrument_name": "BTC-29DEC17-1500-C", "index_price": 6601.38, "direction": "buy", "amount": 0.1}, {"trade_seq": 87, "trade_id": "1272811", "timestamp": 1510165620391, "tick_direction": 0, "price": 0.819, "mark_price": null, "iv": 309.09, "instrument_name": "BTC-29DEC17-1500-C", "index_price": 7603.66, "direction": "buy", "amount": 0.3}, {"trade_seq": 86, "trade_id": "1212205", "timestamp": 1509826209391, "tick_direction": 0, "price": 0.7999, "mark_price": null, "iv": 208.83, "instrument_name": "BTC-29DEC17-1500-C", "index_price": 7381.95, "direction": "sell", "amount": 0.1}, {"trade_seq": 85, "trade_id": "1209217", "timestamp": 1509809937787, "tick_direction": 0, "price": 0.7669, "mark_price": null, "iv": 0.0, "instrument_name": "BTC-29DEC17-1500-C", "index_price": 7317.62, "direction": "sell", "amount": 0.2}, {"trade_seq": 84, "trade_id": "1209058", "timestamp": 1509808646940, "tick_direction": 0, "price": 0.7665, "mark_price": null, "iv": 0.0, "instrument_name": "BTC-29DEC17-1500-C", "index_price": 7300.42, "direction": "sell", "amount": 0.1}, {"trade_seq": 83, "trade_id": "1209029", "timestamp": 1509808275009, "tick_direction": 2, "price": 0.7658, "mark_price": null, "iv": 0.0, "instrument_name": "BTC-29DEC17-1500-C", "index_price": 7298.24, "direction": "sell", "amount": 0.1}, {"trade_seq": 82, "trade_id": "1178904", "timestamp": 1509644155239, "tick_direction": 0, "price": 0.7814, "mark_price": null, "iv": 0.0, "instrument_name": "BTC-29DEC17-1500-C", "index_price": 6934.6, "direction": "buy", "amount": 1.2}, {"trade_seq": 81, "trade_id": "1178903", "timestamp": 1509644135215, "tick_direction": 2, "price": 0.7803, "mark_price": null, "iv": 0.0, "instrument_name": "BTC-29DEC17-1500-C", "index_price": 6934.53, "direction": "buy", "amount": 1.2}, {"trade_seq": 80, "trade_id": "1176105", "timestamp": 1509627149539, "tick_direction": 1, "price": 0.7819, "mark_price": null, "iv": 0.0, "instrument_name": "BTC-29DEC17-1500-C", "index_price": 7015.62, "direction": "buy", "amount": 0.2}, {"trade_seq": 79, "trade_id": "1176093", "timestamp": 1509627105574, "tick_direction": 0, "price": 0.7819, "mark_price": null, "iv": 0.0, "instrument_name": "BTC-29DEC17-1500-C", "index_price": 7013.31, "direction": "buy", "amount": 0.2}, {"trade_seq": 78, "trade_id": "1160136", "timestamp": 1509550872152, "tick_direction": 2, "price": 0.7517, "mark_price": null, "iv": 0.0, "instrument_name": "BTC-29DEC17-1500-C", "index_price": 6547.17, "direction": "sell", "amount": 1.0}, {"trade_seq": 77, "trade_id": "1160134", "timestamp": 1509550846529, "tick_direction": 1, "price": 0.7518, "mark_price": null, "iv": 0.0, "instrument_name": "BTC-29DEC17-1500-C", "index_price": 6545.92, "direction": "sell", "amount": 0.9}, {"trade_seq": 76, "trade_id": "1160133", "timestamp": 1509550821166, "tick_direction": 0, "price": 0.7518, "mark_price": null, "iv": 0.0, "instrument_name": "BTC-29DEC17-1500-C", "index_price": 6545.92, "direction": "sell", "amount": 0.1}, {"trade_seq": 75, "trade_id": "1159226", "timestamp": 1509542952039, "tick_direction": 2, "price": 0.7485, "mark_price": null, "iv": 0.0, "instrument_name": "BTC-29DEC17-1500-C", "index_price": 6491.6, "direction": "sell", "amount": 0.1}, {"trade_seq": 74, "trade_id": "1159213", "timestamp": 1509542934390, "tick_direction": 2, "price": 0.7488, "mark_price": null, "iv": 0.0, "instrument_name": "BTC-29DEC17-1500-C", "index_price": 6500.98, "direction": "sell", "amount": 0.1}, {"trade_seq": 73, "trade_id": "1158462", "timestamp": 1509538886690, "tick_direction": 0, "price": 0.7515, "mark_price": null, "iv": 0.0, "instrument_name": "BTC-29DEC17-1500-C", "index_price": 6535.32, "direction": "sell", "amount": 0.1}, {"trade_seq": 72, "trade_id": "1158455", "timestamp": 1509538778435, "tick_direction": 3, "price": 0.7514, "mark_price": null, "iv": 0.0, "instrument_name": "BTC-29DEC17-1500-C", "index_price": 6535.91, "direction": "sell", "amount": 0.1}, {"trade_seq": 71, "trade_id": "1158452", "timestamp": 1509538778265, "tick_direction": 2, "price": 0.7514, "mark_price": null, "iv": 0.0, "instrument_name": "BTC-29DEC17-1500-C", "index_price": 6535.91, "direction": "sell", "amount": 0.1}, {"trade_seq": 70, "trade_id": "1157850", "timestamp": 1509536543027, "tick_direction": 2, "price": 0.7538, "mark_price": null, "iv": 0.0, "instrument_name": "BTC-29DEC17-1500-C", "index_price": 6610.28, "direction": "sell", "amount": 0.1}, {"trade_seq": 69, "trade_id": "1157814", "timestamp": 1509536182769, "tick_direction": 2, "price": 0.754, "mark_price": null, "iv": 0.0, "instrument_name": "BTC-29DEC17-1500-C", "index_price": 6593.9, "direction": "sell", "amount": 0.1}, {"trade_seq": 68, "trade_id": "1155945", "timestamp": 1509528927953, "tick_direction": 2, "price": 0.7548, "mark_price": null, "iv": 0.0, "instrument_name": "BTC-29DEC17-1500-C", "index_price": 6523.67, "direction": "sell", "amount": 0.1}, {"trade_seq": 67, "trade_id": "1155940", "timestamp": 1509528912938, "tick_direction": 2, "price": 0.7549, "mark_price": null, "iv": 0.0, "instrument_name": "BTC-29DEC17-1500-C", "index_price": 6524.14, "direction": "sell", "amount": 0.1}, {"trade_seq": 66, "trade_id": "1155934", "timestamp": 1509528898152, "tick_direction": 0, "price": 0.7552, "mark_price": null, "iv": 0.0, "instrument_name": "BTC-29DEC17-1500-C", "index_price": 6523.67, "direction": "sell", "amount": 0.1}, {"trade_seq": 65, "trade_id": "1155924", "timestamp": 1509528871927, "tick_direction": 2, "price": 0.755, "mark_price": null, "iv": 0.0, "instrument_name": "BTC-29DEC17-1500-C", "index_price": 6523.68, "direction": "sell", "amount": 0.1}, {"trade_seq": 64, "trade_id": "1155912", "timestamp": 1509528856953, "tick_direction": 2, "price": 0.7554, "mark_price": null, "iv": 0.0, "instrument_name": "BTC-29DEC17-1500-C", "index_price": 6523.08, "direction": "sell", "amount": 0.1}, {"trade_seq": 63, "trade_id": "1155900", "timestamp": 1509528842149, "tick_direction": 3, "price": 0.7555, "mark_price": null, "iv": 0.0, "instrument_name": "BTC-29DEC17-1500-C", "index_price": 6523.08, "direction": "sell", "amount": 0.1}, {"trade_seq": 62, "trade_id": "1155888", "timestamp": 1509528819420, "tick_direction": 2, "price": 0.7555, "mark_price": null, "iv": 0.0, "instrument_name": "BTC-29DEC17-1500-C", "index_price": 6521.62, "direction": "sell", "amount": 0.1}, {"trade_seq": 61, "trade_id": "1155600", "timestamp": 1509528327812, "tick_direction": 0, "price": 0.7558, "mark_price": null, "iv": 0.0, "instrument_name": "BTC-29DEC17-1500-C", "index_price": 6445.45, "direction": "buy", "amount": 0.1}, {"trade_seq": 60, "trade_id": "1155175", "timestamp": 1509527289905, "tick_direction": 0, "price": 0.7539, "mark_price": null, "iv": 0.0, "instrument_name": "BTC-29DEC17-1500-C", "index_price": 6445.45, "direction": "buy", "amount": 0.1}, {"trade_seq": 59, "trade_id": "1155042", "timestamp": 1509526831162, "tick_direction": 0, "price": 0.7524, "mark_price": null, "iv": 0.0, "instrument_name": "BTC-29DEC17-1500-C", "index_price": 6447.56, "direction": "sell", "amount": 0.1}, {"trade_seq": 58, "trade_id": "1149051", "timestamp": 1509482285313, "tick_direction": 1, "price": 0.7496, "mark_price": null, "iv": 0.0, "instrument_name": "BTC-29DEC17-1500-C", "index_price": 6359.55, "direction": "sell", "amount": 0.2}, {"trade_seq": 57, "trade_id": "1149044", "timestamp": 1509482151678, "tick_direction": 1, "price": 0.7496, "mark_price": null, "iv": 0.0, "instrument_name": "BTC-29DEC17-1500-C", "index_price": 6360.25, "direction": "sell", "amount": 0.1}, {"trade_seq": 56, "trade_id": "1149040", "timestamp": 1509482125269, "tick_direction": 0, "price": 0.7496, "mark_price": null, "iv": 0.0, "instrument_name": "BTC-29DEC17-1500-C", "index_price": 6360.24, "direction": "sell", "amount": 0.1}, {"trade_seq": 55, "trade_id": "1147681", "timestamp": 1509476261414, "tick_direction": 2, "price": 0.7486, "mark_price": null, "iv": 0.0, "instrument_name": "BTC-29DEC17-1500-C", "index_price": 6344.74, "direction": "sell", "amount": 2.5}, {"trade_seq": 54, "trade_id": "1147063", "timestamp": 1509473582731, "tick_direction": 2, "price": 0.7511, "mark_price": null, "iv": 0.0, "instrument_name": "BTC-29DEC17-1500-C", "index_price": 6349.7, "direction": "buy", "amount": 1.7}, {"trade_seq": 53, "trade_id": "1144751", "timestamp": 1509462417793, "tick_direction": 0, "price": 0.7512, "mark_price": null, "iv": 0.0, "instrument_name": "BTC-29DEC17-1500-C", "index_price": 6336.44, "direction": "sell", "amount": 1.7}, {"trade_seq": 52, "trade_id": "1144719", "timestamp": 1509462333190, "tick_direction": 0, "price": 0.751, "mark_price": null, "iv": 0.0, "instrument_name": "BTC-29DEC17-1500-C", "index_price": 6333.77, "direction": "sell", "amount": 1.7}, {"trade_seq": 51, "trade_id": "1103800", "timestamp": 1509128850830, "tick_direction": 0, "price": 0.7376, "mark_price": null, "iv": 0.0, "instrument_name": "BTC-29DEC17-1500-C", "index_price": 5732.0, "direction": "sell", "amount": 0.1}, {"trade_seq": 50, "trade_id": "1076141", "timestamp": 1508922696773, "tick_direction": 2, "price": 0.7353, "mark_price": null, "iv": 150.21, "instrument_name": "BTC-29DEC17-1500-C", "index_price": 5621.78, "direction": "sell", "amount": 1.7}, {"trade_seq": 49, "trade_id": "1076109", "timestamp": 1508922528606, "tick_direction": 3, "price": 0.7355, "mark_price": null, "iv": 150.14, "instrument_name": "BTC-29DEC17-1500-C", "index_price": 5626.29, "direction": "sell", "amount": 0.1}, {"trade_seq": 48, "trade_id": "1076104", "timestamp": 1508922440929, "tick_direction": 2, "price": 0.7355, "mark_price": null, "iv": 150.11, "instrument_name": "BTC-29DEC17-1500-C", "index_price": 5626.35, "direction": "sell", "amount": 0.1}, {"trade_seq": 47, "trade_id": "1076099", "timestamp": 1508922372307, "tick_direction": 0, "price": 0.7356, "mark_price": null, "iv": 149.57, "instrument_name": "BTC-29DEC17-1500-C", "index_price": 5629.64, "direction": "sell", "amount": 2.0}, {"trade_seq": 46, "trade_id": "1075579", "timestamp": 1508918312559, "tick_direction": 0, "price": 0.7337, "mark_price": null, "iv": 149.94, "instrument_name": "BTC-29DEC17-1500-C", "index_price": 5587.36, "direction": "sell", "amount": 0.1}, {"trade_seq": 45, "trade_id": "879964", "timestamp": 1507771091635, "tick_direction": 1, "price": 0.7123, "mark_price": null, "iv": 198.17, "instrument_name": "BTC-29DEC17-1500-C", "index_price": 4829.6, "direction": "buy", "amount": 3.0}, {"trade_seq": 44, "trade_id": "879963", "timestamp": 1507771091635, "tick_direction": 0, "price": 0.7123, "mark_price": null, "iv": 198.17, "instrument_name": "BTC-29DEC17-1500-C", "index_price": 4829.6, "direction": "buy", "amount": 1.3}, {"trade_seq": 43, "trade_id": "879756", "timestamp": 1507766038177, "tick_direction": 0, "price": 0.6935, "mark_price": null, "iv": 140.22, "instrument_name": "BTC-29DEC17-1500-C", "index_price": 4814.92, "direction": "buy", "amount": 2.0}, {"trade_seq": 42, "trade_id": "879552", "timestamp": 1507760814207, "tick_direction": 2, "price": 0.692, "mark_price": null, "iv": 129.95, "instrument_name": "BTC-29DEC17-1500-C", "index_price": 4819.33, "direction": "buy", "amount": 2.0}, {"trade_seq": 41, "trade_id": "877398", "timestamp": 1507738236513, "tick_direction": 0, "price": 0.6932, "mark_price": null, "iv": 122.57, "instrument_name": "BTC-29DEC17-1500-C", "index_price": 4854.58, "direction": "sell", "amount": 1.0}, {"trade_seq": 40, "trade_id": "877342", "timestamp": 1507737814576, "tick_direction": 0, "price": 0.6926, "mark_price": null, "iv": 122.05, "instrument_name": "BTC-29DEC17-1500-C", "index_price": 4845.79, "direction": "sell", "amount": 1.0}, {"trade_seq": 39, "trade_id": "863646", "timestamp": 1507598340681, "tick_direction": 3, "price": 0.6907, "mark_price": null, "iv": 120.46, "instrument_name": "BTC-29DEC17-1500-C", "index_price": 4815.77, "direction": "sell", "amount": 1.2}, {"trade_seq": 38, "trade_id": "863638", "timestamp": 1507598328251, "tick_direction": 2, "price": 0.6907, "mark_price": null, "iv": 121.75, "instrument_name": "BTC-29DEC17-1500-C", "index_price": 4813.23, "direction": "sell", "amount": 1.3}, {"trade_seq": 37, "trade_id": "863296", "timestamp": 1507597288912, "tick_direction": 0, "price": 0.6922, "mark_price": null, "iv": 116.22, "instrument_name": "BTC-29DEC17-1500-C", "index_price": 4847.34, "direction": "sell", "amount": 1.3}, {"trade_seq": 36, "trade_id": "863283", "timestamp": 1507597250291, "tick_direction": 0, "price": 0.692, "mark_price": null, "iv": 115.86, "instrument_name": "BTC-29DEC17-1500-C", "index_price": 4844.69, "direction": "sell", "amount": 1.3}, {"trade_seq": 35, "trade_id": "863267", "timestamp": 1507597208657, "tick_direction": 0, "price": 0.6918, "mark_price": null, "iv": 115.63, "instrument_name": "BTC-29DEC17-1500-C", "index_price": 4841.83, "direction": "sell", "amount": 1.3}, {"trade_seq": 34, "trade_id": "863260", "timestamp": 1507597145116, "tick_direction": 0, "price": 0.6914, "mark_price": null, "iv": 115.92, "instrument_name": "BTC-29DEC17-1500-C", "index_price": 4834.93, "direction": "sell", "amount": 1.3}, {"trade_seq": 33, "trade_id": "863218", "timestamp": 1507596705957, "tick_direction": 1, "price": 0.6906, "mark_price": null, "iv": 119.81, "instrument_name": "BTC-29DEC17-1500-C", "index_price": 4815.37, "direction": "sell", "amount": 3.0}, {"trade_seq": 32, "trade_id": "863217", "timestamp": 1507596705957, "tick_direction": 0, "price": 0.6906, "mark_price": null, "iv": 119.81, "instrument_name": "BTC-29DEC17-1500-C", "index_price": 4815.37, "direction": "sell", "amount": 1.3}, {"trade_seq": 31, "trade_id": "852125", "timestamp": 1507473685674, "tick_direction": 0, "price": 0.6869, "mark_price": null, "iv": 172.66, "instrument_name": "BTC-29DEC17-1500-C", "index_price": 4529.96, "direction": "buy", "amount": 2.0}, {"trade_seq": 30, "trade_id": "851960", "timestamp": 1507471308251, "tick_direction": 0, "price": 0.6698, "mark_price": null, "iv": 114.38, "instrument_name": "BTC-29DEC17-1500-C", "index_price": 4510.59, "direction": "sell", "amount": 0.4}, {"trade_seq": 29, "trade_id": "851603", "timestamp": 1507469424265, "tick_direction": 0, "price": 0.6685, "mark_price": null, "iv": 114.77, "instrument_name": "BTC-29DEC17-1500-C", "index_price": 4491.55, "direction": "sell", "amount": 1.0}, {"trade_seq": 28, "trade_id": "850695", "timestamp": 1507456488526, "tick_direction": 0, "price": 0.6653, "mark_price": null, "iv": 113.7, "instrument_name": "BTC-29DEC17-1500-C", "index_price": 4448.97, "direction": "sell", "amount": 1.3}, {"trade_seq": 27, "trade_id": "850570", "timestamp": 1507450238927, "tick_direction": 0, "price": 0.6649, "mark_price": null, "iv": 113.51, "instrument_name": "BTC-29DEC17-1500-C", "index_price": 4443.75, "direction": "sell", "amount": 1.3}, {"trade_seq": 26, "trade_id": "847519", "timestamp": 1507398739306, "tick_direction": 0, "price": 0.6595, "mark_price": null, "iv": 121.25, "instrument_name": "BTC-29DEC17-1500-C", "index_price": 4352.15, "direction": "sell", "amount": 1.1}, {"trade_seq": 25, "trade_id": "847092", "timestamp": 1507385409554, "tick_direction": 0, "price": 0.6556, "mark_price": null, "iv": 82.55, "instrument_name": "BTC-29DEC17-1500-C", "index_price": 4352.46, "direction": "sell", "amount": 1.0}, {"trade_seq": 24, "trade_id": "845204", "timestamp": 1507318452471, "tick_direction": 3, "price": 0.6531, "mark_price": null, "iv": 87.37, "instrument_name": "BTC-29DEC17-1500-C", "index_price": 4318.52, "direction": "sell", "amount": 0.8}, {"trade_seq": 23, "trade_id": "845195", "timestamp": 1507318010494, "tick_direction": 2, "price": 0.6531, "mark_price": null, "iv": 86.52, "instrument_name": "BTC-29DEC17-1500-C", "index_price": 4318.98, "direction": "sell", "amount": 0.5}, {"trade_seq": 22, "trade_id": "824086", "timestamp": 1506941450727, "tick_direction": 0, "price": 0.6687, "mark_price": null, "iv": 124.8, "instrument_name": "BTC-29DEC17-1500-C", "index_price": 4458.17, "direction": "sell", "amount": 1.0}, {"trade_seq": 21, "trade_id": "823613", "timestamp": 1506933733791, "tick_direction": 2, "price": 0.6667, "mark_price": null, "iv": 124.13, "instrument_name": "BTC-29DEC17-1500-C", "index_price": 4431.76, "direction": "sell", "amount": 0.6}, {"trade_seq": 20, "trade_id": "550578", "timestamp": 1504468189437, "tick_direction": 0, "price": 0.6826, "mark_price": null, "iv": 129.9, "instrument_name": "BTC-29DEC17-1500-C", "index_price": 4563.1, "direction": "sell", "amount": 0.1}, {"trade_seq": 19, "trade_id": "550325", "timestamp": 1504463706914, "tick_direction": 0, "price": 0.6815, "mark_price": null, "iv": 130.07, "instrument_name": "BTC-29DEC17-1500-C", "index_price": 4544.48, "direction": "sell", "amount": 1.0}, {"trade_seq": 18, "trade_id": "550321", "timestamp": 1504463691824, "tick_direction": 2, "price": 0.6813, "mark_price": null, "iv": 129.53, "instrument_name": "BTC-29DEC17-1500-C", "index_price": 4544.59, "direction": "sell", "amount": 0.1}, {"trade_seq": 17, "trade_id": "550318", "timestamp": 1504463633186, "tick_direction": 1, "price": 0.6814, "mark_price": null, "iv": 129.97, "instrument_name": "BTC-29DEC17-1500-C", "index_price": 4543.47, "direction": "sell", "amount": 0.1}, {"trade_seq": 16, "trade_id": "550316", "timestamp": 1504463618221, "tick_direction": 0, "price": 0.6814, "mark_price": null, "iv": 129.97, "instrument_name": "BTC-29DEC17-1500-C", "index_price": 4543.47, "direction": "sell", "amount": 0.4}, {"trade_seq": 15, "trade_id": "516579", "timestamp": 1503823633584, "tick_direction": 2, "price": 0.665, "mark_price": null, "iv": 120.1, "instrument_name": "BTC-29DEC17-1500-C", "index_price": 4333.57, "direction": "sell", "amount": 1.0}, {"trade_seq": 14, "trade_id": "515682", "timestamp": 1503765155409, "tick_direction": 1, "price": 0.6722, "mark_price": null, "iv": 140.08, "instrument_name": "BTC-29DEC17-1500-C", "index_price": 4294.74, "direction": "sell", "amount": 0.3}, {"trade_seq": 13, "trade_id": "515680", "timestamp": 1503765140063, "tick_direction": 1, "price": 0.6722, "mark_price": null, "iv": 140.08, "instrument_name": "BTC-29DEC17-1500-C", "index_price": 4294.75, "direction": "sell", "amount": 0.7}, {"trade_seq": 12, "trade_id": "515678", "timestamp": 1503765125642, "tick_direction": 1, "price": 0.6722, "mark_price": null, "iv": 140.0, "instrument_name": "BTC-29DEC17-1500-C", "index_price": 4295.42, "direction": "sell", "amount": 0.7}, {"trade_seq": 11, "trade_id": "515676", "timestamp": 1503765111073, "tick_direction": 1, "price": 0.6722, "mark_price": null, "iv": 140.0, "instrument_name": "BTC-29DEC17-1500-C", "index_price": 4295.42, "direction": "sell", "amount": 0.7}, {"trade_seq": 10, "trade_id": "515672", "timestamp": 1503765096614, "tick_direction": 0, "price": 0.6722, "mark_price": null, "iv": 140.01, "instrument_name": "BTC-29DEC17-1500-C", "index_price": 4295.38, "direction": "sell", "amount": 0.1}, {"trade_seq": 9, "trade_id": "515670", "timestamp": 1503765081637, "tick_direction": 3, "price": 0.6721, "mark_price": null, "iv": 139.96, "instrument_name": "BTC-29DEC17-1500-C", "index_price": 4294.21, "direction": "sell", "amount": 0.4}, {"trade_seq": 8, "trade_id": "515668", "timestamp": 1503765067099, "tick_direction": 2, "price": 0.6721, "mark_price": null, "iv": 139.97, "instrument_name": "BTC-29DEC17-1500-C", "index_price": 4294.2, "direction": "sell", "amount": 0.1}, {"trade_seq": 7, "trade_id": "515665", "timestamp": 1503765022155, "tick_direction": 3, "price": 0.6779, "mark_price": null, "iv": 149.93, "instrument_name": "BTC-29DEC17-1500-C", "index_price": 4294.13, "direction": "sell", "amount": 0.3}, {"trade_seq": 6, "trade_id": "515663", "timestamp": 1503765007782, "tick_direction": 2, "price": 0.6779, "mark_price": null, "iv": 149.93, "instrument_name": "BTC-29DEC17-1500-C", "index_price": 4294.12, "direction": "sell", "amount": 0.7}, {"trade_seq": 5, "trade_id": "514342", "timestamp": 1503696029725, "tick_direction": 1, "price": 0.6813, "mark_price": null, "iv": 149.98, "instrument_name": "BTC-29DEC17-1500-C", "index_price": 4343.38, "direction": "buy", "amount": 0.4}, {"trade_seq": 4, "trade_id": "514341", "timestamp": 1503696029725, "tick_direction": 0, "price": 0.6813, "mark_price": null, "iv": 149.98, "instrument_name": "BTC-29DEC17-1500-C", "index_price": 4343.38, "direction": "buy", "amount": 1.0}, {"trade_seq": 3, "trade_id": "514340", "timestamp": 1503696024629, "tick_direction": 0, "price": 0.6811, "mark_price": null, "iv": 149.65, "instrument_name": "BTC-29DEC17-1500-C", "index_price": 4343.38, "direction": "buy", "amount": 0.4}, {"trade_seq": 2, "trade_id": "514338", "timestamp": 1503695910166, "tick_direction": 0, "price": 0.6792, "mark_price": null, "iv": 146.74, "instrument_name": "BTC-29DEC17-1500-C", "index_price": 4340.47, "direction": "buy", "amount": 0.4}, {"trade_seq": 1, "trade_id": "374295", "timestamp": 1502519180412, "tick_direction": 1, "price": 0.6031, "mark_price": null, "iv": 90.67, "instrument_name": "BTC-29DEC17-1500-C", "index_price": 3707.1, "direction": "buy", "amount": 1.0}], "has_more": false}