{"trades": [{"trade_seq": 153, "trade_id": "3189682", "timestamp": 1514022087434, "tick_direction": 3, "price": 0.6932, "mark_price": 0.71766426, "iv": 0.0, "instrument_name": "BTC-29DEC17-4000-C", "index_price": 14501.32, "direction": "buy", "amount": 0.2}, {"trade_seq": 152, "trade_id": "3189670", "timestamp": 1514022087154, "tick_direction": 2, "price": 0.6932, "mark_price": 0.71766426, "iv": 0.0, "instrument_name": "BTC-29DEC17-4000-C", "index_price": 14538.62, "direction": "buy", "amount": 1.0}, {"trade_seq": 151, "trade_id": "3111728", "timestamp": 1513929398062, "tick_direction": 2, "price": 0.7058, "mark_price": 0.69879541, "iv": 500.0, "instrument_name": "BTC-29DEC17-4000-C", "index_price": 13246.22, "direction": "sell", "amount": 1.2}, {"trade_seq": 150, "trade_id": "2972141", "timestamp": 1513718706862, "tick_direction": 0, "price": 0.778, "mark_price": 0.77059893, "iv": 500.0, "instrument_name": "BTC-29DEC17-4000-C", "index_price": 17232.98, "direction": "buy", "amount": 10.0}, {"trade_seq": 149, "trade_id": "2969896", "timestamp": 1513717929197, "tick_direction": 2, "price": 0.7718, "mark_price": 0.77502812, "iv": 0.0, "instrument_name": "BTC-29DEC17-4000-C", "index_price": 17448.72, "direction": "buy", "amount": 2.1}, {"trade_seq": 148, "trade_id": "2851062", "timestamp": 1513557258277, "tick_direction": 2, "price": 0.7871, "mark_price": 0.7837839, "iv": 445.75, "instrument_name": "BTC-29DEC17-4000-C", "index_price": 18615.62, "direction": "sell", "amount": 1.0}, {"trade_seq": 147, "trade_id": "2758846", "timestamp": 1513437890121, "tick_direction": 2, "price": 0.8018, "mark_price": 0.79589285, "iv": 483.43, "instrument_name": "BTC-29DEC17-4000-C", "index_price": 18682.53, "direction": "sell", "amount": 0.2}, {"trade_seq": 146, "trade_id": "2758845", "timestamp": 1513437889142, "tick_direction": 3, "price": 0.802, "mark_price": 0.79589285, "iv": 486.51, "instrument_name": "BTC-29DEC17-4000-C", "index_price": 18682.53, "direction": "sell", "amount": 0.2}, {"trade_seq": 145, "trade_id": "2758769", "timestamp": 1513437573966, "tick_direction": 3, "price": 0.802, "mark_price": 0.79682829, "iv": 472.83, "instrument_name": "BTC-29DEC17-4000-C", "index_price": 18674.28, "direction": "sell", "amount": 0.3}, {"trade_seq": 144, "trade_id": "2758768", "timestamp": 1513437571315, "tick_direction": 3, "price": 0.802, "mark_price": 0.79682829, "iv": 472.82, "instrument_name": "BTC-29DEC17-4000-C", "index_price": 18674.28, "direction": "sell", "amount": 0.3}, {"trade_seq": 143, "trade_id": "2758728", "timestamp": 1513437465903, "tick_direction": 2, "price": 0.802, "mark_price": 0.79669942, "iv": 474.77, "instrument_name": "BTC-29DEC17-4000-C", "index_price": 18673.66, "direction": "sell", "amount": 0.1}, {"trade_seq": 142, "trade_id": "2758726", "timestamp": 1513437459213, "tick_direction": 0, "price": 0.803, "mark_price": 0.79655155, "iv": 492.55, "instrument_name": "BTC-29DEC17-4000-C", "index_price": 18673.98, "direction": "sell", "amount": 0.1}, {"trade_seq": 141, "trade_id": "2573308", "timestamp": 1513022425428, "tick_direction": 0, "price": 0.7769, "mark_price": 0.77694756, "iv": 0.0, "instrument_name": "BTC-29DEC17-4000-C", "index_price": 16753.83, "direction": "buy", "amount": 1.2}, {"trade_seq": 140, "trade_id": "2414460", "timestamp": 1512832273576, "tick_direction": 2, "price": 0.74, "mark_price": 0.73477106, "iv": 318.29, "instrument_name": "BTC-29DEC17-4000-C", "index_price": 15130.2, "direction": "sell", "amount": 1.3}, {"trade_seq": 139, "trade_id": "2192680", "timestamp": 1512659491961, "tick_direction": 0, "price": 0.7451, "mark_price": 0.74470828, "iv": 216.25, "instrument_name": "BTC-29DEC17-4000-C", "index_price": 15348.75, "direction": "buy", "amount": 0.1}, {"trade_seq": 138, "trade_id": "2170004", "timestamp": 1512635850370, "tick_direction": 0, "price": 0.7275, "mark_price": 0.73015274, "iv": 0.0, "instrument_name": "BTC-29DEC17-4000-C", "index_price": 14645.9, "direction": "buy", "amount": 2.5}, {"trade_seq": 137, "trade_id": "2149177", "timestamp": 1512605397698, "tick_direction": 1, "price": 0.717, "mark_price": 0.71241188, "iv": 274.98, "instrument_name": "BTC-29DEC17-4000-C", "index_price": 13845.92, "direction": "sell", "amount": 1.0}, {"trade_seq": 136, "trade_id": "2149131", "timestamp": 1512605344461, "tick_direction": 1, "price": 0.717, "mark_price": 0.71243276, "iv": 274.77, "instrument_name": "BTC-29DEC17-4000-C", "index_price": 13838.83, "direction": "sell", "amount": 1.5}, {"trade_seq": 135, "trade_id": "2149130", "timestamp": 1512605344138, "tick_direction": 0, "price": 0.717, "mark_price": 0.71243276, "iv": 274.77, "instrument_name": "BTC-29DEC17-4000-C", "index_price": 13489.1, "direction": "sell", "amount": 2.5}, {"trade_seq": 134, "trade_id": "2144291", "timestamp": 1512601366214, "tick_direction": 0, "price": 0.7079, "mark_price": 0.70028969, "iv": 293.09, "instrument_name": "BTC-29DEC17-4000-C", "index_price": 13705.42, "direction": "buy", "amount": 1.0}, {"trade_seq": 133, "trade_id": "2132849", "timestamp": 1512591303544, "tick_direction": 1, "price": 0.7, "mark_price": 0.69806721, "iv": 229.22, "instrument_name": "BTC-29DEC17-4000-C", "index_price": 13137.63, "direction": "sell", "amount": 0.1}, {"trade_seq": 132, "trade_id": "2132827", "timestamp": 1512591222783, "tick_direction": 1, "price": 0.7, "mark_price": 0.69786332, "iv": 232.55, "instrument_name": "BTC-29DEC17-4000-C", "index_price": 13104.52, "direction": "sell", "amount": 0.1}, {"trade_seq": 131, "trade_id": "2132814", "timestamp": 1512591202075, "tick_direction": 1, "price": 0.7, "mark_price": 0.69776835, "iv": 234.03, "instrument_name": "BTC-29DEC17-4000-C", "index_price": 13116.85, "direction": "sell", "amount": 0.1}, {"trade_seq": 130, "trade_id": "2132799", "timestamp": 1512591154741, "tick_direction": 0, "price": 0.7, "mark_price": 0.69800452, "iv": 230.27, "instrument_name": "BTC-29DEC17-4000-C", "index_price": 13145.53, "direction": "sell", "amount": 0.1}, {"trade_seq": 129, "trade_id": "2022885", "timestamp": 1512337031884, "tick_direction": 2, "price": 0.6323, "mark_price": 0.63637315, "iv": 0.0, "instrument_name": "BTC-29DEC17-4000-C", "index_price": 11330.81, "direction": "buy", "amount": 1.0}, {"trade_seq": 128, "trade_id": "1979079", "timestamp": 1512240684776, "tick_direction": 0, "price": 0.6458, "mark_price": 0.64005045, "iv": 218.46, "instrument_name": "BTC-29DEC17-4000-C", "index_price": 10971.24, "direction": "buy", "amount": 2.5}, {"trade_seq": 127, "trade_id": "1808412", "timestamp": 1511986278558, "tick_direction": 3, "price": 0.5964, "mark_price": 0.59175451, "iv": 176.66, "instrument_name": "BTC-29DEC17-4000-C", "index_price": 9765.28, "direction": "sell", "amount": 0.2}, {"trade_seq": 126, "trade_id": "1808380", "timestamp": 1511986268474, "tick_direction": 2, "price": 0.5964, "mark_price": 0.58975336, "iv": 188.33, "instrument_name": "BTC-29DEC17-4000-C", "index_price": 9802.88, "direction": "sell", "amount": 0.5}, {"trade_seq": 125, "trade_id": "1779320", "timestamp": 1511968742270, "tick_direction": 1, "price": 0.6495, "mark_price": 0.64129339, "iv": 222.51, "instrument_name": "BTC-29DEC17-4000-C", "index_price": 11027.29, "direction": "sell", "amount": 0.5}, {"trade_seq": 124, "trade_id": "1779283", "timestamp": 1511968736133, "tick_direction": 1, "price": 0.6495, "mark_price": 0.64212234, "iv": 218.11, "instrument_name": "BTC-29DEC17-4000-C", "index_price": 11037.13, "direction": "sell", "amount": 0.5}, {"trade_seq": 123, "trade_id": "1779281", "timestamp": 1511968732247, "tick_direction": 1, "price": 0.6495, "mark_price": 0.64196249, "iv": 218.98, "instrument_name": "BTC-29DEC17-4000-C", "index_price": 11028.91, "direction": "sell", "amount": 0.5}, {"trade_seq": 122, "trade_id": "1779276", "timestamp": 1511968730029, "tick_direction": 0, "price": 0.6495, "mark_price": 0.64196249, "iv": 218.98, "instrument_name": "BTC-29DEC17-4000-C", "index_price": 11028.91, "direction": "sell", "amount": 0.5}, {"trade_seq": 121, "trade_id": "1778843", "timestamp": 1511968647496, "tick_direction": 0, "price": 0.6465, "mark_price": 0.64861318, "iv": 0.0, "instrument_name": "BTC-29DEC17-4000-C", "index_price": 11227.13, "direction": "buy", "amount": 2.0}, {"trade_seq": 120, "trade_id": "1588603", "timestamp": 1511282044918, "tick_direction": 0, "price": 0.531, "mark_price": 0.52881778, "iv": 120.07, "instrument_name": "BTC-29DEC17-4000-C", "index_price": 8340.64, "direction": "sell", "amount": 1.0}, {"trade_seq": 119, "trade_id": "1566787", "timestamp": 1511210143283, "tick_direction": 0, "price": 0.5158, "mark_price": 0.5217216, "iv": 0.0, "instrument_name": "BTC-29DEC17-4000-C", "index_price": 8247.61, "direction": "sell", "amount": 0.3}, {"trade_seq": 118, "trade_id": "1408593", "timestamp": 1510577211294, "tick_direction": 2, "price": 0.3914, "mark_price": null, "iv": 0.0, "instrument_name": "BTC-29DEC17-4000-C", "index_price": 6600.92, "direction": "sell", "amount": 0.1}, {"trade_seq": 117, "trade_id": "1178291", "timestamp": 1509640822824, "tick_direction": 0, "price": 0.425, "mark_price": null, "iv": 0.0, "instrument_name": "BTC-29DEC17-4000-C", "index_price": 7034.02, "direction": "buy", "amount": 0.5}, {"trade_seq": 116, "trade_id": "1178286", "timestamp": 1509640816901, "tick_direction": 0, "price": 0.4248, "mark_price": null, "iv": 0.0, "instrument_name": "BTC-29DEC17-4000-C", "index_price": 7034.1, "direction": "buy", "amount": 1.2}, {"trade_seq": 115, "trade_id": "1166022", "timestamp": 1509586693510, "tick_direction": 2, "price": 0.2397, "mark_price": null, "iv": 0.0, "instrument_name": "BTC-29DEC17-4000-C", "index_price": 6902.08, "direction": "buy", "amount": 0.6}, {"trade_seq": 114, "trade_id": "1161375", "timestamp": 1509558346319, "tick_direction": 3, "price": 0.3937, "mark_price": null, "iv": 0.0, "instrument_name": "BTC-29DEC17-4000-C", "index_price": 6603.27, "direction": "buy", "amount": 1.0}, {"trade_seq": 113, "trade_id": "1161374", "timestamp": 1509558346319, "tick_direction": 2, "price": 0.3937, "mark_price": null, "iv": 0.0, "instrument_name": "BTC-29DEC17-4000-C", "index_price": 6603.27, "direction": "buy", "amount": 10.0}, {"trade_seq": 112, "trade_id": "1161343", "timestamp": 1509558086933, "tick_direction": 0, "price": 0.394, "mark_price": null, "iv": 53.3, "instrument_name": "BTC-29DEC17-4000-C", "index_price": 6595.21, "direction": "buy", "amount": 2.5}, {"trade_seq": 111, "trade_id": "1161342", "timestamp": 1509558057594, "tick_direction": 1, "price": 0.3862, "mark_price": null, "iv": 0.0, "instrument_name": "BTC-29DEC17-4000-C", "index_price": 6594.68, "direction": "buy", "amount": 1.7}, {"trade_seq": 110, "trade_id": "1161341", "timestamp": 1509558050536, "tick_direction": 0, "price": 0.3862, "mark_price": null, "iv": 0.0, "instrument_name": "BTC-29DEC17-4000-C", "index_price": 6594.68, "direction": "buy", "amount": 1.7}, {"trade_seq": 109, "trade_id": "1157125", "timestamp": 1509533663561, "tick_direction": 0, "price": 0.378, "mark_price": null, "iv": 0.0, "instrument_name": "BTC-29DEC17-4000-C", "index_price": 6613.8, "direction": "buy", "amount": 1.3}, {"trade_seq": 108, "trade_id": "1157070", "timestamp": 1509533521988, "tick_direction": 2, "price": 0.3779, "mark_price": null, "iv": 0.0, "instrument_name": "BTC-29DEC17-4000-C", "index_price": 6614.96, "direction": "buy", "amount": 1.0}, {"trade_seq": 107, "trade_id": "1157030", "timestamp": 1509533441853, "tick_direction": 3, "price": 0.3785, "mark_price": null, "iv": 0.0, "instrument_name": "BTC-29DEC17-4000-C", "index_price": 6469.75, "direction": "buy", "amount": 1.2}, {"trade_seq": 106, "trade_id": "1157029", "timestamp": 1509533417359, "tick_direction": 2, "price": 0.3785, "mark_price": null, "iv": 0.0, "instrument_name": "BTC-29DEC17-4000-C", "index_price": 6605.02, "direction": "buy", "amount": 1.0}, {"trade_seq": 105, "trade_id": "1156976", "timestamp": 1509533346968, "tick_direction": 2, "price": 0.3786, "mark_price": null, "iv": 0.0, "instrument_name": "BTC-29DEC17-4000-C", "index_price": 6602.92, "direction": "buy", "amount": 1.5}, {"trade_seq": 104, "trade_id": "1156868", "timestamp": 1509533016686, "tick_direction": 2, "price": 0.3796, "mark_price": null, "iv": 0.0, "instrument_name": "BTC-29DEC17-4000-C", "index_price": 6586.2, "direction": "buy", "amount": 1.0}, {"trade_seq": 103, "trade_id": "1156865", "timestamp": 1509532987430, "tick_direction": 2, "price": 0.38, "mark_price": null, "iv": 0.0, "instrument_name": "BTC-29DEC17-4000-C", "index_price": 6579.58, "direction": "buy", "amount": 1.0}, {"trade_seq": 102, "trade_id": "1156816", "timestamp": 1509532939227, "tick_direction": 2, "price": 0.3801, "mark_price": null, "iv": 0.0, "instrument_name": "BTC-29DEC17-4000-C", "index_price": 6577.54, "direction": "buy", "amount": 1.0}, {"trade_seq": 101, "trade_id": "1156514", "timestamp": 1509531259989, "tick_direction": 0, "price": 0.3828, "mark_price": null, "iv": 0.0, "instrument_name": "BTC-29DEC17-4000-C", "index_price": 6527.54, "direction": "buy", "amount": 0.1}, {"trade_seq": 100, "trade_id": "1156285", "timestamp": 1509530021182, "tick_direction": 1, "price": 0.3815, "mark_price": null, "iv": 0.0, "instrument_name": "BTC-29DEC17-4000-C", "index_price": 6553.12, "direction": "buy", "amount": 1.0}, {"trade_seq": 99, "trade_id": "1156272", "timestamp": 1509529961726, "tick_direction": 0, "price": 0.3815, "mark_price": null, "iv": 0.0, "instrument_name": "BTC-29DEC17-4000-C", "index_price": 6552.48, "direction": "buy", "amount": 1.0}, {"trade_seq": 98, "trade_id": "1155192", "timestamp": 1509527326390, "tick_direction": 2, "price": 0.3709, "mark_price": null, "iv": 0.0, "instrument_name": "BTC-29DEC17-4000-C", "index_price": 6470.26, "direction": "buy", "amount": 0.6}, {"trade_seq": 97, "trade_id": "1155179", "timestamp": 1509527300645, "tick_direction": 3, "price": 0.371, "mark_price": null, "iv": 0.0, "instrument_name": "BTC-29DEC17-4000-C", "index_price": 6445.45, "direction": "buy", "amount": 0.4}, {"trade_seq": 96, "trade_id": "1155178", "timestamp": 1509527300645, "tick_direction": 3, "price": 0.371, "mark_price": null, "iv": 0.0, "instrument_name": "BTC-29DEC17-4000-C", "index_price": 6445.45, "direction": "buy", "amount": 1.1}, {"trade_seq": 95, "trade_id": "1155172", "timestamp": 1509527276827, "tick_direction": 2, "price": 0.371, "mark_price": null, "iv": 0.0, "instrument_name": "BTC-29DEC17-4000-C", "index_price": 6469.48, "direction": "buy", "amount": 0.2}, {"trade_seq": 94, "trade_id": "1155151", "timestamp": 1509527163196, "tick_direction": 2, "price": 0.3714, "mark_price": null, "iv": 0.0, "instrument_name": "BTC-29DEC17-4000-C", "index_price": 6462.63, "direction": "buy", "amount": 2.0}, {"trade_seq": 93, "trade_id": "1155089", "timestamp": 1509527103191, "tick_direction": 3, "price": 0.3719, "mark_price": null, "iv": 0.0, "instrument_name": "BTC-29DEC17-4000-C", "index_price": 6454.12, "direction": "buy", "amount": 1.0}, {"trade_seq": 92, "trade_id": "1155086", "timestamp": 1509527100840, "tick_direction": 3, "price": 0.3719, "mark_price": null, "iv": 0.0, "instrument_name": "BTC-29DEC17-4000-C", "index_price": 6454.12, "direction": "buy", "amount": 1.0}, {"trade_seq": 91, "trade_id": "1155066", "timestamp": 1509527085019, "tick_direction": 2, "price": 0.3719, "mark_price": null, "iv": 0.0, "instrument_name": "BTC-29DEC17-4000-C", "index_price": 6453.44, "direction": "buy", "amount": 1.0}, {"trade_seq": 90, "trade_id": "1155062", "timestamp": 1509527072833, "tick_direction": 2, "price": 0.372, "mark_price": null, "iv": 0.0, "instrument_name": "BTC-29DEC17-4000-C", "index_price": 6451.49, "direction": "buy", "amount": 1.0}, {"trade_seq": 89, "trade_id": "1155043", "timestamp": 1509526844725, "tick_direction": 3, "price": 0.3722, "mark_price": null, "iv": 0.0, "instrument_name": "BTC-29DEC17-4000-C", "index_price": 6447.51, "direction": "buy", "amount": 0.1}, {"trade_seq": 88, "trade_id": "1155041", "timestamp": 1509526780022, "tick_direction": 2, "price": 0.3722, "mark_price": null, "iv": 0.0, "instrument_name": "BTC-29DEC17-4000-C", "index_price": 6447.39, "direction": "buy", "amount": 2.0}, {"trade_seq": 87, "trade_id": "1150349", "timestamp": 1509492241906, "tick_direction": 3, "price": 0.3732, "mark_price": null, "iv": 0.0, "instrument_name": "BTC-29DEC17-4000-C", "index_price": 6401.72, "direction": "buy", "amount": 0.3}, {"trade_seq": 86, "trade_id": "1150348", "timestamp": 1509492241906, "tick_direction": 2, "price": 0.3732, "mark_price": null, "iv": 0.0, "instrument_name": "BTC-29DEC17-4000-C", "index_price": 6401.72, "direction": "buy", "amount": 1.0}, {"trade_seq": 85, "trade_id": "1145260", "timestamp": 1509464373211, "tick_direction": 0, "price": 0.3757, "mark_price": null, "iv": 60.06, "instrument_name": "BTC-29DEC17-4000-C", "index_price": 6388.07, "direction": "buy", "amount": 0.3}, {"trade_seq": 84, "trade_id": "1142756", "timestamp": 1509458214787, "tick_direction": 2, "price": 0.3629, "mark_price": null, "iv": 0.0, "instrument_name": "BTC-29DEC17-4000-C", "index_price": 6337.54, "direction": "buy", "amount": 5.0}, {"trade_seq": 83, "trade_id": "1142602", "timestamp": 1509458084021, "tick_direction": 2, "price": 0.3648, "mark_price": null, "iv": 0.0, "instrument_name": "BTC-29DEC17-4000-C", "index_price": 6304.91, "direction": "buy", "amount": 1.0}, {"trade_seq": 82, "trade_id": "1142563", "timestamp": 1509458036901, "tick_direction": 2, "price": 0.3653, "mark_price": null, "iv": 49.39, "instrument_name": "BTC-29DEC17-4000-C", "index_price": 6296.3, "direction": "buy", "amount": 1.0}, {"trade_seq": 81, "trade_id": "1142548", "timestamp": 1509457999752, "tick_direction": 2, "price": 0.3654, "mark_price": null, "iv": 51.41, "instrument_name": "BTC-29DEC17-4000-C", "index_price": 6295.21, "direction": "buy", "amount": 3.0}, {"trade_seq": 80, "trade_id": "1122796", "timestamp": 1509308510576, "tick_direction": 1, "price": 0.3684, "mark_price": null, "iv": 77.66, "instrument_name": "BTC-29DEC17-4000-C", "index_price": 6243.91, "direction": "buy", "amount": 1.0}, {"trade_seq": 79, "trade_id": "1122795", "timestamp": 1509308510576, "tick_direction": 0, "price": 0.3684, "mark_price": null, "iv": 77.66, "instrument_name": "BTC-29DEC17-4000-C", "index_price": 6243.91, "direction": "buy", "amount": 0.7}, {"trade_seq": 78, "trade_id": "1122504", "timestamp": 1509308140407, "tick_direction": 3, "price": 0.3679, "mark_price": null, "iv": 74.94, "instrument_name": "BTC-29DEC17-4000-C", "index_price": 6251.97, "direction": "buy", "amount": 2.0}, {"trade_seq": 77, "trade_id": "1122502", "timestamp": 1509308130902, "tick_direction": 2, "price": 0.3679, "mark_price": null, "iv": 75.05, "instrument_name": "BTC-29DEC17-4000-C", "index_price": 6251.46, "direction": "buy", "amount": 1.0}, {"trade_seq": 76, "trade_id": "1122485", "timestamp": 1509308114222, "tick_direction": 3, "price": 0.368, "mark_price": null, "iv": 75.65, "instrument_name": "BTC-29DEC17-4000-C", "index_price": 6249.67, "direction": "buy", "amount": 0.1}, {"trade_seq": 75, "trade_id": "1122484", "timestamp": 1509308112730, "tick_direction": 3, "price": 0.368, "mark_price": null, "iv": 75.65, "instrument_name": "BTC-29DEC17-4000-C", "index_price": 6249.67, "direction": "buy", "amount": 0.1}, {"trade_seq": 74, "trade_id": "1122483", "timestamp": 1509308111604, "tick_direction": 3, "price": 0.368, "mark_price": null, "iv": 75.59, "instrument_name": "BTC-29DEC17-4000-C", "index_price": 6249.96, "direction": "buy", "amount": 0.1}, {"trade_seq": 73, "trade_id": "1122482", "timestamp": 1509308110135, "tick_direction": 3, "price": 0.368, "mark_price": null, "iv": 75.59, "instrument_name": "BTC-29DEC17-4000-C", "index_price": 6249.96, "direction": "buy", "amount": 0.1}, {"trade_seq": 72, "trade_id": "1122480", "timestamp": 1509308103035, "tick_direction": 3, "price": 0.368, "mark_price": null, "iv": 75.58, "instrument_name": "BTC-29DEC17-4000-C", "index_price": 6249.98, "direction": "buy", "amount": 1.5}, {"trade_seq": 71, "trade_id": "1122478", "timestamp": 1509308102662, "tick_direction": 3, "price": 0.368, "mark_price": null, "iv": 75.58, "instrument_name": "BTC-29DEC17-4000-C", "index_price": 6249.98, "direction": "buy", "amount": 1.5}, {"trade_seq": 70, "trade_id": "1122472", "timestamp": 1509308101722, "tick_direction": 2, "price": 0.368, "mark_price": null, "iv": 94.14, "instrument_name": "BTC-29DEC17-4000-C", "index_price": 6131.25, "direction": "buy", "amount": 1.7}, {"trade_seq": 69, "trade_id": "1122444", "timestamp": 1509308081133, "tick_direction": 2, "price": 0.3682, "mark_price": null, "iv": 76.77, "instrument_name": "BTC-29DEC17-4000-C", "index_price": 6246.26, "direction": "buy", "amount": 0.5}, {"trade_seq": 68, "trade_id": "1122376", "timestamp": 1509308043353, "tick_direction": 2, "price": 0.3692, "mark_price": null, "iv": 81.96, "instrument_name": "BTC-29DEC17-4000-C", "index_price": 6228.89, "direction": "buy", "amount": 0.5}, {"trade_seq": 67, "trade_id": "1122360", "timestamp": 1509308038720, "tick_direction": 0, "price": 0.3693, "mark_price": null, "iv": 82.19, "instrument_name": "BTC-29DEC17-4000-C", "index_price": 6228.64, "direction": "buy", "amount": 0.2}, {"trade_seq": 66, "trade_id": "1106286", "timestamp": 1509157058027, "tick_direction": 2, "price": 0.3265, "mark_price": null, "iv": 71.75, "instrument_name": "BTC-29DEC17-4000-C", "index_price": 5838.13, "direction": "sell", "amount": 1.0}, {"trade_seq": 65, "trade_id": "1091318", "timestamp": 1509027026621, "tick_direction": 0, "price": 0.3752, "mark_price": null, "iv": 119.71, "instrument_name": "BTC-29DEC17-4000-C", "index_price": 5931.61, "direction": "buy", "amount": 0.1}, {"trade_seq": 64, "trade_id": "1054452", "timestamp": 1508807992129, "tick_direction": 2, "price": 0.334, "mark_price": null, "iv": 85.97, "instrument_name": "BTC-29DEC17-4000-C", "index_price": 5792.08, "direction": "sell", "amount": 10.0}, {"trade_seq": 63, "trade_id": "1041123", "timestamp": 1508749604089, "tick_direction": 2, "price": 0.3359, "mark_price": null, "iv": 86.16, "instrument_name": "BTC-29DEC17-4000-C", "index_price": 5806.62, "direction": "sell", "amount": 3.0}, {"trade_seq": 62, "trade_id": "957817", "timestamp": 1508240511599, "tick_direction": 0, "price": 0.354, "mark_price": null, "iv": 111.66, "instrument_name": "BTC-29DEC17-4000-C", "index_price": 5676.98, "direction": "buy", "amount": 2.0}, {"trade_seq": 61, "trade_id": "945422", "timestamp": 1508132258121, "tick_direction": 0, "price": 0.35, "mark_price": null, "iv": 110.16, "instrument_name": "BTC-29DEC17-4000-C", "index_price": 5636.94, "direction": "buy", "amount": 0.2}, {"trade_seq": 60, "trade_id": "927232", "timestamp": 1507988713047, "tick_direction": 0, "price": 0.341, "mark_price": null, "iv": 95.49, "instrument_name": "BTC-29DEC17-4000-C", "index_price": 5706.93, "direction": "buy", "amount": 0.1}, {"trade_seq": 59, "trade_id": "924903", "timestamp": 1507972267511, "tick_direction": 2, "price": 0.331, "mark_price": null, "iv": 94.54, "instrument_name": "BTC-29DEC17-4000-C", "index_price": 5605.86, "direction": "buy", "amount": 0.1}, {"trade_seq": 58, "trade_id": "924762", "timestamp": 1507971757717, "tick_direction": 0, "price": 0.333, "mark_price": null, "iv": 94.65, "instrument_name": "BTC-29DEC17-4000-C", "index_price": 5626.52, "direction": "buy", "amount": 0.1}, {"trade_seq": 57, "trade_id": "921405", "timestamp": 1507934615642, "tick_direction": 0, "price": 0.326, "mark_price": null, "iv": 95.32, "instrument_name": "BTC-29DEC17-4000-C", "index_price": 5538.15, "direction": "buy", "amount": 10.0}, {"trade_seq": 56, "trade_id": "858512", "timestamp": 1507575509573, "tick_direction": 0, "price": 0.2335, "mark_price": null, "iv": 83.18, "instrument_name": "BTC-29DEC17-4000-C", "index_price": 4736.01, "direction": "sell", "amount": 1.0}, {"trade_seq": 55, "trade_id": "836261", "timestamp": 1507159426785, "tick_direction": 2, "price": 0.185, "mark_price": null, "iv": 84.14, "instrument_name": "BTC-29DEC17-4000-C", "index_price": 4225.51, "direction": "sell", "amount": 1.0}, {"trade_seq": 54, "trade_id": "825640", "timestamp": 1506961222302, "tick_direction": 0, "price": 0.2145, "mark_price": null, "iv": 90.5, "instrument_name": "BTC-29DEC17-4000-C", "index_price": 4378.14, "direction": "buy", "amount": 1.0}, {"trade_seq": 53, "trade_id": "825635", "timestamp": 1506961191889, "tick_direction": 1, "price": 0.2144, "mark_price": null, "iv": 88.83, "instrument_name": "BTC-29DEC17-4000-C", "index_price": 4405.92, "direction": "buy", "amount": 0.6}, {"trade_seq": 52, "trade_id": "825634", "timestamp": 1506961190328, "tick_direction": 1, "price": 0.2144, "mark_price": null, "iv": 88.84, "instrument_name": "BTC-29DEC17-4000-C", "index_price": 4405.76, "direction": "buy", "amount": 0.6}, {"trade_seq": 51, "trade_id": "825633", "timestamp": 1506961188844, "tick_direction": 1, "price": 0.2144, "mark_price": null, "iv": 88.84, "instrument_name": "BTC-29DEC17-4000-C", "index_price": 4405.76, "direction": "buy", "amount": 0.6}, {"trade_seq": 50, "trade_id": "825632", "timestamp": 1506961187394, "tick_direction": 0, "price": 0.2144, "mark_price": null, "iv": 88.84, "instrument_name": "BTC-29DEC17-4000-C", "index_price": 4405.76, "direction": "buy", "amount": 0.6}, {"trade_seq": 49, "trade_id": "817386", "timestamp": 1506809481141, "tick_direction": 3, "price": 0.21, "mark_price": null, "iv": 90.35, "instrument_name": "BTC-29DEC17-4000-C", "index_price": 4321.17, "direction": "buy", "amount": 1.0}, {"trade_seq": 48, "trade_id": "816083", "timestamp": 1506785369825, "tick_direction": 2, "price": 0.21, "mark_price": null, "iv": 90.64, "instrument_name": "BTC-29DEC17-4000-C", "index_price": 4313.54, "direction": "buy", "amount": 1.0}, {"trade_seq": 47, "trade_id": "811552", "timestamp": 1506679492468, "tick_direction": 1, "price": 0.22, "mark_price": null, "iv": 107.0, "instrument_name": "BTC-29DEC17-4000-C", "index_price": 4096.05, "direction": "sell", "amount": 9.9}, {"trade_seq": 46, "trade_id": "811546", "timestamp": 1506679214924, "tick_direction": 0, "price": 0.22, "mark_price": null, "iv": 106.76, "instrument_name": "BTC-29DEC17-4000-C", "index_price": 4100.72, "direction": "buy", "amount": 0.1}, {"trade_seq": 45, "trade_id": "811485", "timestamp": 1506673832253, "tick_direction": 2, "price": 0.205, "mark_price": null, "iv": 97.73, "instrument_name": "BTC-29DEC17-4000-C", "index_price": 4121.53, "direction": "sell", "amount": 0.1}, {"trade_seq": 44, "trade_id": "811286", "timestamp": 1506672136054, "tick_direction": 1, "price": 0.22, "mark_price": null, "iv": 107.05, "instrument_name": "BTC-29DEC17-4000-C", "index_price": 4094.21, "direction": "buy", "amount": 0.4}, {"trade_seq": 43, "trade_id": "810603", "timestamp": 1506651601048, "tick_direction": 1, "price": 0.22, "mark_price": null, "iv": 104.86, "instrument_name": "BTC-29DEC17-4000-C", "index_price": 4133.66, "direction": "buy", "amount": 0.3}, {"trade_seq": 42, "trade_id": "808907", "timestamp": 1506574867840, "tick_direction": 1, "price": 0.22, "mark_price": null, "iv": 98.53, "instrument_name": "BTC-29DEC17-4000-C", "index_price": 4244.67, "direction": "buy", "amount": 0.1}, {"trade_seq": 41, "trade_id": "808904", "timestamp": 1506574754958, "tick_direction": 0, "price": 0.22, "mark_price": null, "iv": 98.58, "instrument_name": "BTC-29DEC17-4000-C", "index_price": 4243.64, "direction": "buy", "amount": 0.1}, {"trade_seq": 40, "trade_id": "794561", "timestamp": 1506090009226, "tick_direction": 0, "price": 0.1769, "mark_price": null, "iv": 104.88, "instrument_name": "BTC-29DEC17-4000-C", "index_price": 3625.81, "direction": "sell", "amount": 0.1}, {"trade_seq": 39, "trade_id": "794213", "timestamp": 1506082840865, "tick_direction": 2, "price": 0.1734, "mark_price": null, "iv": 104.92, "instrument_name": "BTC-29DEC17-4000-C", "index_price": 3588.67, "direction": "sell", "amount": 0.1}, {"trade_seq": 38, "trade_id": "784353", "timestamp": 1505957021720, "tick_direction": 2, "price": 0.19, "mark_price": null, "iv": 99.38, "instrument_name": "BTC-29DEC17-4000-C", "index_price": 3854.62, "direction": "sell", "amount": 0.2}, {"trade_seq": 37, "trade_id": "777266", "timestamp": 1505856056528, "tick_direction": 0, "price": 0.2244, "mark_price": null, "iv": 112.04, "instrument_name": "BTC-29DEC17-4000-C", "index_price": 3930.05, "direction": "buy", "amount": 30.0}, {"trade_seq": 36, "trade_id": "762502", "timestamp": 1505712889823, "tick_direction": 0, "price": 0.19, "mark_price": null, "iv": 98.46, "instrument_name": "BTC-29DEC17-4000-C", "index_price": 3844.98, "direction": "buy", "amount": 0.1}, {"trade_seq": 35, "trade_id": "759755", "timestamp": 1505670085925, "tick_direction": 3, "price": 0.17, "mark_price": null, "iv": 90.56, "instrument_name": "BTC-29DEC17-4000-C", "index_price": 3805.13, "direction": "buy", "amount": 0.1}, {"trade_seq": 34, "trade_id": "759750", "timestamp": 1505670031808, "tick_direction": 3, "price": 0.17, "mark_price": null, "iv": 90.82, "instrument_name": "BTC-29DEC17-4000-C", "index_price": 3799.64, "direction": "buy", "amount": 0.1}, {"trade_seq": 33, "trade_id": "759735", "timestamp": 1505669983723, "tick_direction": 3, "price": 0.17, "mark_price": null, "iv": 91.14, "instrument_name": "BTC-29DEC17-4000-C", "index_price": 3792.96, "direction": "buy", "amount": 0.1}, {"trade_seq": 32, "trade_id": "759727", "timestamp": 1505669913564, "tick_direction": 3, "price": 0.17, "mark_price": null, "iv": 91.18, "instrument_name": "BTC-29DEC17-4000-C", "index_price": 3792.16, "direction": "buy", "amount": 0.1}, {"trade_seq": 31, "trade_id": "759726", "timestamp": 1505669908878, "tick_direction": 3, "price": 0.17, "mark_price": null, "iv": 91.2, "instrument_name": "BTC-29DEC17-4000-C", "index_price": 3791.89, "direction": "buy", "amount": 0.1}, {"trade_seq": 30, "trade_id": "759237", "timestamp": 1505663657476, "tick_direction": 3, "price": 0.17, "mark_price": null, "iv": 95.55, "instrument_name": "BTC-29DEC17-4000-C", "index_price": 3699.97, "direction": "buy", "amount": 0.1}, {"trade_seq": 29, "trade_id": "759229", "timestamp": 1505663558161, "tick_direction": 3, "price": 0.17, "mark_price": null, "iv": 95.49, "instrument_name": "BTC-29DEC17-4000-C", "index_price": 3701.3, "direction": "buy", "amount": 0.1}, {"trade_seq": 28, "trade_id": "759227", "timestamp": 1505663466093, "tick_direction": 3, "price": 0.17, "mark_price": null, "iv": 95.52, "instrument_name": "BTC-29DEC17-4000-C", "index_price": 3700.63, "direction": "buy", "amount": 0.1}, {"trade_seq": 27, "trade_id": "759180", "timestamp": 1505662916512, "tick_direction": 3, "price": 0.17, "mark_price": null, "iv": 94.86, "instrument_name": "BTC-29DEC17-4000-C", "index_price": 3714.44, "direction": "buy", "amount": 0.1}, {"trade_seq": 26, "trade_id": "758720", "timestamp": 1505658837533, "tick_direction": 2, "price": 0.17, "mark_price": null, "iv": 96.3, "instrument_name": "BTC-29DEC17-4000-C", "index_price": 3683.61, "direction": "buy", "amount": 0.1}, {"trade_seq": 25, "trade_id": "731259", "timestamp": 1505534135027, "tick_direction": 0, "price": 0.2242, "mark_price": null, "iv": 116.07, "instrument_name": "BTC-29DEC17-4000-C", "index_price": 3798.08, "direction": "buy", "amount": 1.0}, {"trade_seq": 24, "trade_id": "727622", "timestamp": 1505513887127, "tick_direction": 0, "price": 0.2174, "mark_price": null, "iv": 114.98, "instrument_name": "BTC-29DEC17-4000-C", "index_price": 3748.39, "direction": "sell", "amount": 0.2}, {"trade_seq": 23, "trade_id": "680077", "timestamp": 1505427987675, "tick_direction": 2, "price": 0.15, "mark_price": null, "iv": 102.56, "instrument_name": "BTC-29DEC17-4000-C", "index_price": 3318.85, "direction": "sell", "amount": 3.0}, {"trade_seq": 22, "trade_id": "670423", "timestamp": 1505398099183, "tick_direction": 1, "price": 0.175, "mark_price": null, "iv": 106.11, "instrument_name": "BTC-29DEC17-4000-C", "index_price": 3492.0, "direction": "sell", "amount": 2.1}, {"trade_seq": 21, "trade_id": "670385", "timestamp": 1505398035652, "tick_direction": 1, "price": 0.175, "mark_price": null, "iv": 105.05, "instrument_name": "BTC-29DEC17-4000-C", "index_price": 3515.16, "direction": "sell", "amount": 2.1}, {"trade_seq": 20, "trade_id": "670377", "timestamp": 1505398020559, "tick_direction": 1, "price": 0.175, "mark_price": null, "iv": 104.88, "instrument_name": "BTC-29DEC17-4000-C", "index_price": 3518.72, "direction": "sell", "amount": 2.1}, {"trade_seq": 19, "trade_id": "670367", "timestamp": 1505398003722, "tick_direction": 1, "price": 0.175, "mark_price": null, "iv": 104.32, "instrument_name": "BTC-29DEC17-4000-C", "index_price": 3530.95, "direction": "sell", "amount": 0.1}, {"trade_seq": 18, "trade_id": "670255", "timestamp": 1505397475765, "tick_direction": 0, "price": 0.175, "mark_price": null, "iv": 103.84, "instrument_name": "BTC-29DEC17-4000-C", "index_price": 3541.29, "direction": "sell", "amount": 2.1}, {"trade_seq": 17, "trade_id": "670179", "timestamp": 1505396824301, "tick_direction": 1, "price": 0.17, "mark_price": null, "iv": 101.65, "instrument_name": "BTC-29DEC17-4000-C", "index_price": 3538.16, "direction": "sell", "amount": 0.5}, {"trade_seq": 16, "trade_id": "668803", "timestamp": 1505395248790, "tick_direction": 0, "price": 0.17, "mark_price": null, "iv": 102.48, "instrument_name": "BTC-29DEC17-4000-C", "index_price": 3520.0, "direction": "sell", "amount": 1.0}, {"trade_seq": 15, "trade_id": "662979", "timestamp": 1505387788105, "tick_direction": 2, "price": 0.159, "mark_price": null, "iv": 91.42, "instrument_name": "BTC-29DEC17-4000-C", "index_price": 3647.3, "direction": "sell", "amount": 0.5}, {"trade_seq": 14, "trade_id": "657286", "timestamp": 1505384514928, "tick_direction": 2, "price": 0.167, "mark_price": null, "iv": 89.54, "instrument_name": "BTC-29DEC17-4000-C", "index_price": 3766.82, "direction": "sell", "amount": 50.0}, {"trade_seq": 13, "trade_id": "621388", "timestamp": 1505127052314, "tick_direction": 0, "price": 0.24, "mark_price": null, "iv": 103.63, "instrument_name": "BTC-29DEC17-4000-C", "index_price": 4177.89, "direction": "sell", "amount": 1.9}, {"trade_seq": 12, "trade_id": "620945", "timestamp": 1505125625888, "tick_direction": 2, "price": 0.23, "mark_price": null, "iv": 98.11, "instrument_name": "BTC-29DEC17-4000-C", "index_price": 4191.15, "direction": "sell", "amount": 0.1}, {"trade_seq": 11, "trade_id": "620536", "timestamp": 1505121522435, "tick_direction": 1, "price": 0.2594, "mark_price": null, "iv": 112.62, "instrument_name": "BTC-29DEC17-4000-C", "index_price": 4188.97, "direction": "sell", "amount": 0.1}, {"trade_seq": 10, "trade_id": "620535", "timestamp": 1505121501783, "tick_direction": 1, "price": 0.2594, "mark_price": null, "iv": 112.62, "instrument_name": "BTC-29DEC17-4000-C", "index_price": 4188.98, "direction": "buy", "amount": 0.1}, {"trade_seq": 9, "trade_id": "620534", "timestamp": 1505121496377, "tick_direction": 0, "price": 0.2594, "mark_price": null, "iv": 112.6, "instrument_name": "BTC-29DEC17-4000-C", "index_price": 4189.52, "direction": "buy", "amount": 0.1}, {"trade_seq": 8, "trade_id": "567816", "timestamp": 1504592171248, "tick_direction": 2, "price": 0.2, "mark_price": null, "iv": 84.56, "instrument_name": "BTC-29DEC17-4000-C", "index_price": 4121.64, "direction": "buy", "amount": 0.1}, {"trade_seq": 7, "trade_id": "545364", "timestamp": 1504415432969, "tick_direction": 2, "price": 0.2524, "mark_price": null, "iv": 80.37, "instrument_name": "BTC-29DEC17-4000-C", "index_price": 4711.4, "direction": "buy", "amount": 0.1}, {"trade_seq": 6, "trade_id": "512579", "timestamp": 1503660286121, "tick_direction": 0, "price": 0.265, "mark_price": null, "iv": 100.98, "instrument_name": "BTC-29DEC17-4000-C", "index_price": 4337.43, "direction": "sell", "amount": 3.0}, {"trade_seq": 5, "trade_id": "388697", "timestamp": 1502612393094, "tick_direction": 0, "price": 0.261, "mark_price": null, "iv": 101.81, "instrument_name": "BTC-29DEC17-4000-C", "index_price": 4163.51, "direction": "buy", "amount": 1.0}, {"trade_seq": 4, "trade_id": "375350", "timestamp": 1502527906978, "tick_direction": 0, "price": 0.2261, "mark_price": null, "iv": 102.67, "instrument_name": "BTC-29DEC17-4000-C", "index_price": 3763.43, "direction": "buy", "amount": 1.0}, {"trade_seq": 3, "trade_id": "366719", "timestamp": 1502454742465, "tick_direction": 0, "price": 0.2024, "mark_price": null, "iv": 102.26, "instrument_name": "BTC-29DEC17-4000-C", "index_price": 3521.11, "direction": "buy", "amount": 0.1}, {"trade_seq": 2, "trade_id": "347658", "timestamp": 1502174825232, "tick_direction": 0, "price": 0.1905, "mark_price": null, "iv": 99.02, "instrument_name": "BTC-29DEC17-4000-C", "index_price": 3452.19, "direction": "buy", "amount": 1.0}, {"trade_seq": 1, "trade_id": "346383", "timestamp": 1502148044951, "tick_direction": 1, "price": 0.1776, "mark_price": null, "iv": 95.97, "instrument_name": "BTC-29DEC17-4000-C", "index_price": 3395.66, "direction": "buy", "amount": 1.0}], "has_more": false}