{"trades": [{"trade_seq": 3593, "trade_id": "249048483", "timestamp": 1680203330386, "tick_direction": 1, "price": 0.285, "mark_price": 0.28409156, "iv": 418.28, "instrument_name": "BTC-31MAR23-20000-C", "index_price": 27945.84, "direction": "sell", "amount": 8.1}, {"trade_seq": 3592, "trade_id": "249048482", "timestamp": 1680203330353, "tick_direction": 0, "price": 0.285, "mark_price": 0.28409156, "iv": 418.28, "instrument_name": "BTC-31MAR23-20000-C", "index_price": 27945.84, "direction": "sell", "amount": 7.7}, {"trade_seq": 3591, "trade_id": "249036965", "timestamp": 1680199234524, "tick_direction": 0, "price": 0.2805, "mark_price": 0.28018477, "iv": 342.26, "instrument_name": "BTC-31MAR23-20000-C", "index_price": 27805.24, "direction": "sell", "amount": 1.0}, {"trade_seq": 3590, "trade_id": "249035403", "timestamp": 1680198922173, "tick_direction": 2, "price": 0.28, "mark_price": 0.27974254, "iv": 332.91, "instrument_name": "BTC-31MAR23-20000-C", "index_price": 27792.67, "direction": "sell", "amount": 1.0}, {"trade_seq": 3589, "trade_id": "249035134", "timestamp": 1680198829543, "tick_direction": 2, "price": 0.2805, "mark_price": 0.28013063, "iv": 360.79, "instrument_name": "BTC-31MAR23-20000-C", "index_price": 27802.64, "direction": "sell", "amount": 1.0}, {"trade_seq": 3588, "trade_id": "249034910", "timestamp": 1680198778340, "tick_direction": 3, "price": 0.281, "mark_price": 0.28071314, "iv": 338.05, "instrument_name": "BTC-31MAR23-20000-C", "index_price": 27828.36, "direction": "sell", "amount": 1.0}, {"trade_seq": 3587, "trade_id": "249034630", "timestamp": 1680198704353, "tick_direction": 2, "price": 0.281, "mark_price": 0.28058481, "iv": 354.23, "instrument_name": "BTC-31MAR23-20000-C", "index_price": 27832.25, "direction": "sell", "amount": 1.0}, {"trade_seq": 3586, "trade_id": "249018015", "timestamp": 1680195364456, "tick_direction": 2, "price": 0.291, "mark_price": 0.29071894, "iv": 353.53, "instrument_name": "BTC-31MAR23-20000-C", "index_price": 28236.21, "direction": "sell", "amount": 1.0}, {"trade_seq": 3585, "trade_id": "248981048", "timestamp": 1680185445524, "tick_direction": 0, "price": 0.2975, "mark_price": 0.29731358, "iv": 305.39, "instrument_name": "BTC-31MAR23-20000-C", "index_price": 28468.67, "direction": "sell", "amount": 1.0}, {"trade_seq": 3584, "trade_id": "248980657", "timestamp": 1680185241450, "tick_direction": 3, "price": 0.2965, "mark_price": 0.29715259, "iv": 0.0, "instrument_name": "BTC-31MAR23-20000-C", "index_price": 28471.89, "direction": "buy", "amount": 0.1}, {"trade_seq": 3583, "trade_id": "248980560", "timestamp": 1680185202634, "tick_direction": 2, "price": 0.2965, "mark_price": 0.29701104, "iv": 0.0, "instrument_name": "BTC-31MAR23-20000-C", "index_price": 28473.12, "direction": "buy", "amount": 0.1}, {"trade_seq": 3582, "trade_id": "248975879", "timestamp": 1680184278008, "tick_direction": 3, "price": 0.299, "mark_price": 0.29876568, "iv": 311.43, "instrument_name": "BTC-31MAR23-20000-C", "index_price": 28537.8, "direction": "sell", "amount": 0.3}, {"trade_seq": 3581, "trade_id": "248962969", "timestamp": 1680178228465, "tick_direction": 3, "price": 0.299, "mark_price": 0.29861132, "iv": 316.64, "instrument_name": "BTC-31MAR23-20000-C", "index_price": 28574.04, "direction": "sell", "amount": 0.1}, {"trade_seq": 3580, "trade_id": "248962952", "timestamp": 1680178227426, "tick_direction": 3, "price": 0.299, "mark_price": 0.29863714, "iv": 313.64, "instrument_name": "BTC-31MAR23-20000-C", "index_price": 28574.18, "direction": "sell", "amount": 0.1}, {"trade_seq": 3579, "trade_id": "248962923", "timestamp": 1680178225521, "tick_direction": 2, "price": 0.299, "mark_price": 0.29869887, "iv": 306.72, "instrument_name": "BTC-31MAR23-20000-C", "index_price": 28578.33, "direction": "sell", "amount": 0.5}, {"trade_seq": 3578, "trade_id": "248940834", "timestamp": 1680171800916, "tick_direction": 2, "price": 0.2995, "mark_price": 0.29897472, "iv": 315.19, "instrument_name": "BTC-31MAR23-20000-C", "index_price": 28540.95, "direction": "sell", "amount": 1.0}, {"trade_seq": 3577, "trade_id": "248928655", "timestamp": 1680167694354, "tick_direction": 2, "price": 0.3, "mark_price": 0.29954969, "iv": 302.22, "instrument_name": "BTC-31MAR23-20000-C", "index_price": 28539.27, "direction": "sell", "amount": 1.0}, {"trade_seq": 3576, "trade_id": "248906936", "timestamp": 1680160008754, "tick_direction": 1, "price": 0.302, "mark_price": 0.30168013, "iv": 279.25, "instrument_name": "BTC-31MAR23-20000-C", "index_price": 28612.37, "direction": "sell", "amount": 0.8}, {"trade_seq": 3575, "trade_id": "248906932", "timestamp": 1680159988437, "tick_direction": 1, "price": 0.302, "mark_price": 0.30166501, "iv": 280.17, "instrument_name": "BTC-31MAR23-20000-C", "index_price": 28612.42, "direction": "sell", "amount": 0.2}, {"trade_seq": 3574, "trade_id": "248903701", "timestamp": 1680157963569, "tick_direction": 0, "price": 0.302, "mark_price": 0.30145208, "iv": 294.76, "instrument_name": "BTC-31MAR23-20000-C", "index_price": 28604.1, "direction": "sell", "amount": 1.0}, {"trade_seq": 3573, "trade_id": "248874961", "timestamp": 1680145683675, "tick_direction": 3, "price": 0.2985, "mark_price": 0.298206, "iv": 257.95, "instrument_name": "BTC-31MAR23-20000-C", "index_price": 28470.34, "direction": "sell", "amount": 1.0}, {"trade_seq": 3572, "trade_id": "248874891", "timestamp": 1680145681543, "tick_direction": 2, "price": 0.2985, "mark_price": 0.29816462, "iv": 256.5, "instrument_name": "BTC-31MAR23-20000-C", "index_price": 28468.26, "direction": "sell", "amount": 3.0}, {"trade_seq": 3571, "trade_id": "248865846", "timestamp": 1680144357435, "tick_direction": 1, "price": 0.3145, "mark_price": 0.31434551, "iv": 251.86, "instrument_name": "BTC-31MAR23-20000-C", "index_price": 29125.79, "direction": "sell", "amount": 1.9}, {"trade_seq": 3570, "trade_id": "248865841", "timestamp": 1680144355384, "tick_direction": 0, "price": 0.3145, "mark_price": 0.31436032, "iv": 245.27, "instrument_name": "BTC-31MAR23-20000-C", "index_price": 29126.22, "direction": "sell", "amount": 3.1}, {"trade_seq": 3569, "trade_id": "248862091", "timestamp": 1680143814698, "tick_direction": 0, "price": 0.3135, "mark_price": 0.31365585, "iv": 0.0, "instrument_name": "BTC-31MAR23-20000-C", "index_price": 29095.54, "direction": "sell", "amount": 1.0}, {"trade_seq": 3568, "trade_id": "248768028", "timestamp": 1680095086054, "tick_direction": 1, "price": 0.2975, "mark_price": 0.29742896, "iv": 178.39, "instrument_name": "BTC-31MAR23-20000-C", "index_price": 28436.85, "direction": "sell", "amount": 6.2}, {"trade_seq": 3567, "trade_id": "248767944", "timestamp": 1680095056064, "tick_direction": 1, "price": 0.2975, "mark_price": 0.29746277, "iv": 169.87, "instrument_name": "BTC-31MAR23-20000-C", "index_price": 28437.35, "direction": "sell", "amount": 14.7}, {"trade_seq": 3566, "trade_id": "248767938", "timestamp": 1680095055996, "tick_direction": 1, "price": 0.2975, "mark_price": 0.29746277, "iv": 165.51, "instrument_name": "BTC-31MAR23-20000-C", "index_price": 28437.46, "direction": "sell", "amount": 2.3}, {"trade_seq": 3565, "trade_id": "248767926", "timestamp": 1680095049295, "tick_direction": 1, "price": 0.2975, "mark_price": 0.29740914, "iv": 183.56, "instrument_name": "BTC-31MAR23-20000-C", "index_price": 28434.64, "direction": "sell", "amount": 1.9}, {"trade_seq": 3564, "trade_id": "248767922", "timestamp": 1680095048014, "tick_direction": 1, "price": 0.2975, "mark_price": 0.29740567, "iv": 183.29, "instrument_name": "BTC-31MAR23-20000-C", "index_price": 28434.53, "direction": "sell", "amount": 2.1}, {"trade_seq": 3563, "trade_id": "248767921", "timestamp": 1680095048013, "tick_direction": 1, "price": 0.2975, "mark_price": 0.29740567, "iv": 183.29, "instrument_name": "BTC-31MAR23-20000-C", "index_price": 28434.53, "direction": "sell", "amount": 2.2}, {"trade_seq": 3562, "trade_id": "248767919", "timestamp": 1680095047521, "tick_direction": 1, "price": 0.2975, "mark_price": 0.2974027, "iv": 183.01, "instrument_name": "BTC-31MAR23-20000-C", "index_price": 28434.69, "direction": "sell", "amount": 2.6}, {"trade_seq": 3561, "trade_id": "248767907", "timestamp": 1680095044969, "tick_direction": 1, "price": 0.2975, "mark_price": 0.29742787, "iv": 178.3, "instrument_name": "BTC-31MAR23-20000-C", "index_price": 28434.89, "direction": "sell", "amount": 2.0}, {"trade_seq": 3560, "trade_id": "248767894", "timestamp": 1680095039926, "tick_direction": 0, "price": 0.2975, "mark_price": 0.29750732, "iv": 0.0, "instrument_name": "BTC-31MAR23-20000-C", "index_price": 28439.02, "direction": "sell", "amount": 2.2}, {"trade_seq": 3559, "trade_id": "248173909", "timestamp": 1679759565286, "tick_direction": 0, "price": 0.281, "mark_price": 0.28089843, "iv": 124.1, "instrument_name": "BTC-31MAR23-20000-C", "index_price": 27765.03, "direction": "sell", "amount": 1.0}, {"trade_seq": 3558, "trade_id": "248168866", "timestamp": 1679757070819, "tick_direction": 2, "price": 0.275, "mark_price": 0.27537389, "iv": 108.89, "instrument_name": "BTC-31MAR23-20000-C", "index_price": 27557.53, "direction": "buy", "amount": 2.0}, {"trade_seq": 3557, "trade_id": "248167695", "timestamp": 1679756593836, "tick_direction": 3, "price": 0.276, "mark_price": 0.27608549, "iv": 117.58, "instrument_name": "BTC-31MAR23-20000-C", "index_price": 27583.58, "direction": "buy", "amount": 1.0}, {"trade_seq": 3556, "trade_id": "248167118", "timestamp": 1679756130545, "tick_direction": 2, "price": 0.276, "mark_price": 0.27651069, "iv": 102.93, "instrument_name": "BTC-31MAR23-20000-C", "index_price": 27590.58, "direction": "buy", "amount": 1.0}, {"trade_seq": 3555, "trade_id": "248166912", "timestamp": 1679755939380, "tick_direction": 0, "price": 0.2765, "mark_price": 0.27677472, "iv": 112.45, "instrument_name": "BTC-31MAR23-20000-C", "index_price": 27599.26, "direction": "buy", "amount": 1.0}, {"trade_seq": 3554, "trade_id": "248143561", "timestamp": 1679733378360, "tick_direction": 2, "price": 0.272, "mark_price": 0.27202962, "iv": 118.52, "instrument_name": "BTC-31MAR23-20000-C", "index_price": 27425.18, "direction": "sell", "amount": 1.0}, {"trade_seq": 3553, "trade_id": "248143515", "timestamp": 1679733375414, "tick_direction": 2, "price": 0.2725, "mark_price": 0.27243999, "iv": 117.29, "instrument_name": "BTC-31MAR23-20000-C", "index_price": 27444.39, "direction": "sell", "amount": 1.0}, {"trade_seq": 3552, "trade_id": "248143389", "timestamp": 1679733307080, "tick_direction": 2, "price": 0.273, "mark_price": 0.27286347, "iv": 119.01, "instrument_name": "BTC-31MAR23-20000-C", "index_price": 27463.78, "direction": "sell", "amount": 1.0}, {"trade_seq": 3551, "trade_id": "248142489", "timestamp": 1679732442683, "tick_direction": 1, "price": 0.2745, "mark_price": 0.27452999, "iv": 115.81, "instrument_name": "BTC-31MAR23-20000-C", "index_price": 27515.14, "direction": "sell", "amount": 1.0}, {"trade_seq": 3550, "trade_id": "248142449", "timestamp": 1679732357253, "tick_direction": 0, "price": 0.2745, "mark_price": 0.27461101, "iv": 113.8, "instrument_name": "BTC-31MAR23-20000-C", "index_price": 27520.19, "direction": "sell", "amount": 1.0}, {"trade_seq": 3549, "trade_id": "248141360", "timestamp": 1679731423023, "tick_direction": 3, "price": 0.274, "mark_price": 0.27410034, "iv": 114.65, "instrument_name": "BTC-31MAR23-20000-C", "index_price": 27500.46, "direction": "sell", "amount": 1.0}, {"trade_seq": 3548, "trade_id": "248141359", "timestamp": 1679731423023, "tick_direction": 2, "price": 0.274, "mark_price": 0.27410034, "iv": 114.65, "instrument_name": "BTC-31MAR23-20000-C", "index_price": 27500.46, "direction": "sell", "amount": 1.0}, {"trade_seq": 3547, "trade_id": "248140132", "timestamp": 1679730862389, "tick_direction": 2, "price": 0.275, "mark_price": 0.27501265, "iv": 116.55, "instrument_name": "BTC-31MAR23-20000-C", "index_price": 27539.32, "direction": "sell", "amount": 1.0}, {"trade_seq": 3546, "trade_id": "248139755", "timestamp": 1679730638734, "tick_direction": 2, "price": 0.2755, "mark_price": 0.2759116, "iv": 104.59, "instrument_name": "BTC-31MAR23-20000-C", "index_price": 27570.36, "direction": "sell", "amount": 1.0}, {"trade_seq": 3545, "trade_id": "248139625", "timestamp": 1679730502103, "tick_direction": 1, "price": 0.276, "mark_price": 0.27581634, "iv": 120.79, "instrument_name": "BTC-31MAR23-20000-C", "index_price": 27567.18, "direction": "sell", "amount": 0.5}, {"trade_seq": 3544, "trade_id": "248139622", "timestamp": 1679730495424, "tick_direction": 1, "price": 0.276, "mark_price": 0.27588674, "iv": 120.49, "instrument_name": "BTC-31MAR23-20000-C", "index_price": 27567.8, "direction": "sell", "amount": 0.2}, {"trade_seq": 3543, "trade_id": "248139593", "timestamp": 1679730483286, "tick_direction": 1, "price": 0.276, "mark_price": 0.27601124, "iv": 117.89, "instrument_name": "BTC-31MAR23-20000-C", "index_price": 27572.06, "direction": "sell", "amount": 0.3}, {"trade_seq": 3542, "trade_id": "248138436", "timestamp": 1679729526358, "tick_direction": 1, "price": 0.276, "mark_price": 0.27582622, "iv": 120.46, "instrument_name": "BTC-31MAR23-20000-C", "index_price": 27568.7, "direction": "sell", "amount": 10.0}, {"trade_seq": 3541, "trade_id": "248138357", "timestamp": 1679729402391, "tick_direction": 0, "price": 0.276, "mark_price": 0.27602469, "iv": 115.97, "instrument_name": "BTC-31MAR23-20000-C", "index_price": 27576.82, "direction": "sell", "amount": 1.0}, {"trade_seq": 3540, "trade_id": "248137316", "timestamp": 1679728206507, "tick_direction": 2, "price": 0.2745, "mark_price": 0.27479457, "iv": 112.22, "instrument_name": "BTC-31MAR23-20000-C", "index_price": 27524.43, "direction": "sell", "amount": 1.0}, {"trade_seq": 3539, "trade_id": "248136905", "timestamp": 1679727602282, "tick_direction": 1, "price": 0.275, "mark_price": 0.27498386, "iv": 116.46, "instrument_name": "BTC-31MAR23-20000-C", "index_price": 27528.24, "direction": "sell", "amount": 1.0}, {"trade_seq": 3538, "trade_id": "248136659", "timestamp": 1679727025884, "tick_direction": 1, "price": 0.275, "mark_price": 0.27514494, "iv": 112.59, "instrument_name": "BTC-31MAR23-20000-C", "index_price": 27537.5, "direction": "sell", "amount": 1.0}, {"trade_seq": 3537, "trade_id": "248136658", "timestamp": 1679727025884, "tick_direction": 0, "price": 0.275, "mark_price": 0.27514494, "iv": 112.59, "instrument_name": "BTC-31MAR23-20000-C", "index_price": 27537.5, "direction": "sell", "amount": 1.0}, {"trade_seq": 3536, "trade_id": "248134787", "timestamp": 1679724927667, "tick_direction": 3, "price": 0.2735, "mark_price": 0.27361369, "iv": 112.4, "instrument_name": "BTC-31MAR23-20000-C", "index_price": 27493.5, "direction": "sell", "amount": 0.1}, {"trade_seq": 3535, "trade_id": "248134784", "timestamp": 1679724927579, "tick_direction": 3, "price": 0.2735, "mark_price": 0.27361369, "iv": 112.4, "instrument_name": "BTC-31MAR23-20000-C", "index_price": 27493.5, "direction": "sell", "amount": 0.9}, {"trade_seq": 3534, "trade_id": "248134783", "timestamp": 1679724927579, "tick_direction": 2, "price": 0.2735, "mark_price": 0.27361369, "iv": 112.4, "instrument_name": "BTC-31MAR23-20000-C", "index_price": 27493.5, "direction": "sell", "amount": 1.0}, {"trade_seq": 3533, "trade_id": "248134595", "timestamp": 1679724668695, "tick_direction": 0, "price": 0.274, "mark_price": 0.27393064, "iv": 116.71, "instrument_name": "BTC-31MAR23-20000-C", "index_price": 27506.66, "direction": "sell", "amount": 1.0}, {"trade_seq": 3532, "trade_id": "248134115", "timestamp": 1679724157815, "tick_direction": 0, "price": 0.2735, "mark_price": 0.27385816, "iv": 113.61, "instrument_name": "BTC-31MAR23-20000-C", "index_price": 27494.18, "direction": "sell", "amount": 1.0}, {"trade_seq": 3531, "trade_id": "248133117", "timestamp": 1679723437480, "tick_direction": 2, "price": 0.273, "mark_price": 0.27318387, "iv": 110.67, "instrument_name": "BTC-31MAR23-20000-C", "index_price": 27459.49, "direction": "sell", "amount": 1.0}, {"trade_seq": 3530, "trade_id": "248132891", "timestamp": 1679723360679, "tick_direction": 2, "price": 0.2735, "mark_price": 0.27368806, "iv": 111.67, "instrument_name": "BTC-31MAR23-20000-C", "index_price": 27479.97, "direction": "sell", "amount": 1.0}, {"trade_seq": 3529, "trade_id": "248132476", "timestamp": 1679722914244, "tick_direction": 2, "price": 0.274, "mark_price": 0.27416726, "iv": 111.79, "instrument_name": "BTC-31MAR23-20000-C", "index_price": 27498.51, "direction": "sell", "amount": 1.0}, {"trade_seq": 3528, "trade_id": "248131957", "timestamp": 1679722537464, "tick_direction": 3, "price": 0.275, "mark_price": 0.27527003, "iv": 112.44, "instrument_name": "BTC-31MAR23-20000-C", "index_price": 27539.67, "direction": "sell", "amount": 1.0}, {"trade_seq": 3527, "trade_id": "248131956", "timestamp": 1679722537464, "tick_direction": 3, "price": 0.275, "mark_price": 0.27527003, "iv": 112.44, "instrument_name": "BTC-31MAR23-20000-C", "index_price": 27539.67, "direction": "sell", "amount": 1.0}, {"trade_seq": 3526, "trade_id": "248131955", "timestamp": 1679722537464, "tick_direction": 3, "price": 0.275, "mark_price": 0.27527003, "iv": 112.44, "instrument_name": "BTC-31MAR23-20000-C", "index_price": 27539.67, "direction": "sell", "amount": 0.1}, {"trade_seq": 3525, "trade_id": "248131952", "timestamp": 1679722537074, "tick_direction": 3, "price": 0.275, "mark_price": 0.27527003, "iv": 108.53, "instrument_name": "BTC-31MAR23-20000-C", "index_price": 27545.09, "direction": "sell", "amount": 0.3}, {"trade_seq": 3524, "trade_id": "248131951", "timestamp": 1679722537071, "tick_direction": 3, "price": 0.275, "mark_price": 0.27527003, "iv": 108.53, "instrument_name": "BTC-31MAR23-20000-C", "index_price": 27545.09, "direction": "sell", "amount": 0.6}, {"trade_seq": 3523, "trade_id": "248131950", "timestamp": 1679722537071, "tick_direction": 2, "price": 0.275, "mark_price": 0.27527003, "iv": 108.53, "instrument_name": "BTC-31MAR23-20000-C", "index_price": 27545.09, "direction": "sell", "amount": 1.0}, {"trade_seq": 3522, "trade_id": "248131790", "timestamp": 1679722202146, "tick_direction": 3, "price": 0.2755, "mark_price": 0.27552747, "iv": 115.32, "instrument_name": "BTC-31MAR23-20000-C", "index_price": 27552.51, "direction": "sell", "amount": 1.0}, {"trade_seq": 3521, "trade_id": "248131686", "timestamp": 1679721902735, "tick_direction": 3, "price": 0.2755, "mark_price": 0.27562796, "iv": 112.53, "instrument_name": "BTC-31MAR23-20000-C", "index_price": 27554.91, "direction": "sell", "amount": 1.0}, {"trade_seq": 3520, "trade_id": "248131168", "timestamp": 1679720757260, "tick_direction": 3, "price": 0.2755, "mark_price": 0.27551581, "iv": 115.19, "instrument_name": "BTC-31MAR23-20000-C", "index_price": 27567.46, "direction": "sell", "amount": 1.0}, {"trade_seq": 3519, "trade_id": "248131028", "timestamp": 1679720488417, "tick_direction": 3, "price": 0.2755, "mark_price": 0.27537718, "iv": 118.22, "instrument_name": "BTC-31MAR23-20000-C", "index_price": 27556.45, "direction": "sell", "amount": 1.0}, {"trade_seq": 3518, "trade_id": "248131027", "timestamp": 1679720488417, "tick_direction": 2, "price": 0.2755, "mark_price": 0.27537718, "iv": 118.22, "instrument_name": "BTC-31MAR23-20000-C", "index_price": 27556.45, "direction": "sell", "amount": 1.0}, {"trade_seq": 3517, "trade_id": "248130403", "timestamp": 1679719554998, "tick_direction": 3, "price": 0.276, "mark_price": 0.27602304, "iv": 115.75, "instrument_name": "BTC-31MAR23-20000-C", "index_price": 27581.8, "direction": "sell", "amount": 1.0}, {"trade_seq": 3516, "trade_id": "248130402", "timestamp": 1679719554998, "tick_direction": 2, "price": 0.276, "mark_price": 0.27602304, "iv": 115.75, "instrument_name": "BTC-31MAR23-20000-C", "index_price": 27581.8, "direction": "sell", "amount": 1.0}, {"trade_seq": 3515, "trade_id": "248130034", "timestamp": 1679718741257, "tick_direction": 0, "price": 0.2765, "mark_price": 0.27660057, "iv": 113.5, "instrument_name": "BTC-31MAR23-20000-C", "index_price": 27604.66, "direction": "sell", "amount": 1.0}, {"trade_seq": 3514, "trade_id": "248129364", "timestamp": 1679717568184, "tick_direction": 2, "price": 0.276, "mark_price": 0.27650805, "iv": 99.39, "instrument_name": "BTC-31MAR23-20000-C", "index_price": 27599.57, "direction": "sell", "amount": 1.0}, {"trade_seq": 3513, "trade_id": "248128728", "timestamp": 1679717161271, "tick_direction": 0, "price": 0.2775, "mark_price": 0.27746905, "iv": 116.59, "instrument_name": "BTC-31MAR23-20000-C", "index_price": 27631.39, "direction": "sell", "amount": 1.0}, {"trade_seq": 3512, "trade_id": "248127604", "timestamp": 1679715920651, "tick_direction": 3, "price": 0.277, "mark_price": 0.27723552, "iv": 109.98, "instrument_name": "BTC-31MAR23-20000-C", "index_price": 27624.72, "direction": "sell", "amount": 0.6}, {"trade_seq": 3511, "trade_id": "248127580", "timestamp": 1679715912099, "tick_direction": 3, "price": 0.277, "mark_price": 0.27727075, "iv": 108.72, "instrument_name": "BTC-31MAR23-20000-C", "index_price": 27625.48, "direction": "sell", "amount": 0.4}, {"trade_seq": 3510, "trade_id": "248127579", "timestamp": 1679715912099, "tick_direction": 2, "price": 0.277, "mark_price": 0.27727075, "iv": 108.72, "instrument_name": "BTC-31MAR23-20000-C", "index_price": 27625.48, "direction": "sell", "amount": 1.0}, {"trade_seq": 3509, "trade_id": "248125914", "timestamp": 1679714175195, "tick_direction": 0, "price": 0.2775, "mark_price": 0.27748823, "iv": 116.04, "instrument_name": "BTC-31MAR23-20000-C", "index_price": 27632.64, "direction": "sell", "amount": 1.0}, {"trade_seq": 3508, "trade_id": "248125850", "timestamp": 1679714125817, "tick_direction": 2, "price": 0.277, "mark_price": 0.27720987, "iv": 110.2, "instrument_name": "BTC-31MAR23-20000-C", "index_price": 27617.3, "direction": "sell", "amount": 1.0}, {"trade_seq": 3507, "trade_id": "248013976", "timestamp": 1679666462082, "tick_direction": 2, "price": 0.285, "mark_price": 0.28540178, "iv": 105.11, "instrument_name": "BTC-31MAR23-20000-C", "index_price": 27941.19, "direction": "sell", "amount": 1.0}, {"trade_seq": 3506, "trade_id": "247938771", "timestamp": 1679644258163, "tick_direction": 0, "price": 0.296, "mark_price": 0.29641072, "iv": 103.56, "instrument_name": "BTC-31MAR23-20000-C", "index_price": 28363.59, "direction": "buy", "amount": 0.2}, {"trade_seq": 3505, "trade_id": "247924276", "timestamp": 1679637894618, "tick_direction": 0, "price": 0.2955, "mark_price": 0.29537922, "iv": 118.66, "instrument_name": "BTC-31MAR23-20000-C", "index_price": 28322.32, "direction": "sell", "amount": 1.0}, {"trade_seq": 3504, "trade_id": "247922993", "timestamp": 1679636523948, "tick_direction": 0, "price": 0.295, "mark_price": 0.29497659, "iv": 115.84, "instrument_name": "BTC-31MAR23-20000-C", "index_price": 28308.32, "direction": "sell", "amount": 1.0}, {"trade_seq": 3503, "trade_id": "247920883", "timestamp": 1679635584867, "tick_direction": 2, "price": 0.2935, "mark_price": 0.29356505, "iv": 112.9, "instrument_name": "BTC-31MAR23-20000-C", "index_price": 28256.53, "direction": "sell", "amount": 1.0}, {"trade_seq": 3502, "trade_id": "247761021", "timestamp": 1679584530056, "tick_direction": 0, "price": 0.295, "mark_price": 0.30121626, "iv": 0.0, "instrument_name": "BTC-31MAR23-20000-C", "index_price": 28575.83, "direction": "buy", "amount": 1.0}, {"trade_seq": 3501, "trade_id": "246906279", "timestamp": 1679329836613, "tick_direction": 0, "price": 0.281, "mark_price": 0.28087017, "iv": 102.27, "instrument_name": "BTC-31MAR23-20000-C", "index_price": 27746.9, "direction": "buy", "amount": 3.0}, {"trade_seq": 3500, "trade_id": "246899968", "timestamp": 1679328987746, "tick_direction": 3, "price": 0.28, "mark_price": 0.280274, "iv": 97.82, "instrument_name": "BTC-31MAR23-20000-C", "index_price": 27708.0, "direction": "buy", "amount": 2.0}, {"trade_seq": 3499, "trade_id": "246899832", "timestamp": 1679328960251, "tick_direction": 2, "price": 0.28, "mark_price": 0.27976302, "iv": 103.48, "instrument_name": "BTC-31MAR23-20000-C", "index_price": 27689.8, "direction": "buy", "amount": 1.0}, {"trade_seq": 3498, "trade_id": "246879542", "timestamp": 1679324622869, "tick_direction": 0, "price": 0.297, "mark_price": 0.29111943, "iv": 140.89, "instrument_name": "BTC-31MAR23-20000-C", "index_price": 28134.93, "direction": "buy", "amount": 0.4}, {"trade_seq": 3497, "trade_id": "246556658", "timestamp": 1679244247160, "tick_direction": 1, "price": 0.2905, "mark_price": 0.28946243, "iv": 109.48, "instrument_name": "BTC-31MAR23-20000-C", "index_price": 28039.97, "direction": "sell", "amount": 1.3}, {"trade_seq": 3496, "trade_id": "246556599", "timestamp": 1679244238243, "tick_direction": 0, "price": 0.2905, "mark_price": 0.28998546, "iv": 104.72, "instrument_name": "BTC-31MAR23-20000-C", "index_price": 28062.38, "direction": "sell", "amount": 1.0}, {"trade_seq": 3495, "trade_id": "246556277", "timestamp": 1679244213431, "tick_direction": 0, "price": 0.29, "mark_price": 0.28950358, "iv": 104.82, "instrument_name": "BTC-31MAR23-20000-C", "index_price": 28041.76, "direction": "sell", "amount": 0.2}, {"trade_seq": 3494, "trade_id": "246555491", "timestamp": 1679244130541, "tick_direction": 2, "price": 0.289, "mark_price": 0.28861149, "iv": 103.57, "instrument_name": "BTC-31MAR23-20000-C", "index_price": 28002.97, "direction": "sell", "amount": 1.0}, {"trade_seq": 3493, "trade_id": "246555283", "timestamp": 1679244118888, "tick_direction": 0, "price": 0.2905, "mark_price": 0.28967239, "iv": 107.28, "instrument_name": "BTC-31MAR23-20000-C", "index_price": 28045.63, "direction": "sell", "amount": 1.0}, {"trade_seq": 3492, "trade_id": "246554521", "timestamp": 1679244032177, "tick_direction": 0, "price": 0.2885, "mark_price": 0.28802051, "iv": 103.87, "instrument_name": "BTC-31MAR23-20000-C", "index_price": 27979.37, "direction": "sell", "amount": 1.0}, {"trade_seq": 3491, "trade_id": "246554004", "timestamp": 1679243963725, "tick_direction": 0, "price": 0.288, "mark_price": 0.28727862, "iv": 105.4, "instrument_name": "BTC-31MAR23-20000-C", "index_price": 27948.63, "direction": "sell", "amount": 1.0}, {"trade_seq": 3490, "trade_id": "246261245", "timestamp": 1679117597802, "tick_direction": 0, "price": 0.2765, "mark_price": 0.27614779, "iv": 93.25, "instrument_name": "BTC-31MAR23-20000-C", "index_price": 27507.42, "direction": "buy", "amount": 0.3}, {"trade_seq": 3489, "trade_id": "246260973", "timestamp": 1679117558847, "tick_direction": 0, "price": 0.2755, "mark_price": 0.27527351, "iv": 89.0, "instrument_name": "BTC-31MAR23-20000-C", "index_price": 27504.17, "direction": "buy", "amount": 1.6}, {"trade_seq": 3488, "trade_id": "246248992", "timestamp": 1679110697772, "tick_direction": 1, "price": 0.2735, "mark_price": 0.27348996, "iv": 93.06, "instrument_name": "BTC-31MAR23-20000-C", "index_price": 27388.22, "direction": "buy", "amount": 0.1}, {"trade_seq": 3487, "trade_id": "246248986", "timestamp": 1679110696713, "tick_direction": 0, "price": 0.2735, "mark_price": 0.27347819, "iv": 93.06, "instrument_name": "BTC-31MAR23-20000-C", "index_price": 27388.22, "direction": "buy", "amount": 0.4}, {"trade_seq": 3486, "trade_id": "246245769", "timestamp": 1679109542832, "tick_direction": 3, "price": 0.27, "mark_price": 0.26997169, "iv": 92.82, "instrument_name": "BTC-31MAR23-20000-C", "index_price": 27268.66, "direction": "buy", "amount": 0.3}, {"trade_seq": 3485, "trade_id": "246245763", "timestamp": 1679109541204, "tick_direction": 3, "price": 0.27, "mark_price": 0.26993579, "iv": 93.08, "instrument_name": "BTC-31MAR23-20000-C", "index_price": 27267.84, "direction": "buy", "amount": 0.7}, {"trade_seq": 3484, "trade_id": "246244488", "timestamp": 1679109212573, "tick_direction": 3, "price": 0.27, "mark_price": 0.26996564, "iv": 93.14, "instrument_name": "BTC-31MAR23-20000-C", "index_price": 27262.64, "direction": "buy", "amount": 1.1}, {"trade_seq": 3483, "trade_id": "246244486", "timestamp": 1679109212527, "tick_direction": 2, "price": 0.27, "mark_price": 0.26996564, "iv": 93.14, "instrument_name": "BTC-31MAR23-20000-C", "index_price": 27262.64, "direction": "buy", "amount": 0.1}, {"trade_seq": 3482, "trade_id": "246242130", "timestamp": 1679108410873, "tick_direction": 2, "price": 0.2725, "mark_price": 0.27247897, "iv": 93.25, "instrument_name": "BTC-31MAR23-20000-C", "index_price": 27366.21, "direction": "buy", "amount": 0.2}, {"trade_seq": 3481, "trade_id": "246233751", "timestamp": 1679105606908, "tick_direction": 3, "price": 0.273, "mark_price": 0.27282674, "iv": 93.85, "instrument_name": "BTC-31MAR23-20000-C", "index_price": 27389.54, "direction": "buy", "amount": 1.2}, {"trade_seq": 3480, "trade_id": "246227005", "timestamp": 1679103487628, "tick_direction": 2, "price": 0.273, "mark_price": 0.27285543, "iv": 94.53, "instrument_name": "BTC-31MAR23-20000-C", "index_price": 27386.54, "direction": "buy", "amount": 0.2}, {"trade_seq": 3479, "trade_id": "246216356", "timestamp": 1679101572201, "tick_direction": 0, "price": 0.2835, "mark_price": 0.2834405, "iv": 94.96, "instrument_name": "BTC-31MAR23-20000-C", "index_price": 27770.76, "direction": "buy", "amount": 1.2}, {"trade_seq": 3478, "trade_id": "246213781", "timestamp": 1679101187845, "tick_direction": 0, "price": 0.281, "mark_price": 0.28076357, "iv": 96.15, "instrument_name": "BTC-31MAR23-20000-C", "index_price": 27693.4, "direction": "buy", "amount": 1.4}, {"trade_seq": 3477, "trade_id": "246210519", "timestamp": 1679100897676, "tick_direction": 0, "price": 0.2765, "mark_price": 0.27642176, "iv": 94.14, "instrument_name": "BTC-31MAR23-20000-C", "index_price": 27498.4, "direction": "buy", "amount": 1.5}, {"trade_seq": 3476, "trade_id": "246207314", "timestamp": 1679100313184, "tick_direction": 0, "price": 0.276, "mark_price": 0.27572605, "iv": 92.48, "instrument_name": "BTC-31MAR23-20000-C", "index_price": 27495.43, "direction": "buy", "amount": 1.5}, {"trade_seq": 3475, "trade_id": "246206131", "timestamp": 1679099952647, "tick_direction": 0, "price": 0.2745, "mark_price": 0.27440846, "iv": 93.26, "instrument_name": "BTC-31MAR23-20000-C", "index_price": 27439.49, "direction": "buy", "amount": 1.4}, {"trade_seq": 3474, "trade_id": "246203778", "timestamp": 1679099550339, "tick_direction": 0, "price": 0.2715, "mark_price": 0.27145452, "iv": 91.69, "instrument_name": "BTC-31MAR23-20000-C", "index_price": 27343.62, "direction": "buy", "amount": 1.5}, {"trade_seq": 3473, "trade_id": "246200529", "timestamp": 1679099115612, "tick_direction": 2, "price": 0.269, "mark_price": 0.26872528, "iv": 93.62, "instrument_name": "BTC-31MAR23-20000-C", "index_price": 27247.89, "direction": "buy", "amount": 1.5}, {"trade_seq": 3472, "trade_id": "246198678", "timestamp": 1679098832820, "tick_direction": 0, "price": 0.2695, "mark_price": 0.26949293, "iv": 88.97, "instrument_name": "BTC-31MAR23-20000-C", "index_price": 27288.42, "direction": "buy", "amount": 1.4}, {"trade_seq": 3471, "trade_id": "246197878", "timestamp": 1679098778329, "tick_direction": 3, "price": 0.268, "mark_price": 0.26785426, "iv": 93.29, "instrument_name": "BTC-31MAR23-20000-C", "index_price": 27210.49, "direction": "buy", "amount": 0.3}, {"trade_seq": 3470, "trade_id": "246197876", "timestamp": 1679098778315, "tick_direction": 3, "price": 0.268, "mark_price": 0.26785426, "iv": 93.29, "instrument_name": "BTC-31MAR23-20000-C", "index_price": 27210.49, "direction": "buy", "amount": 0.5}, {"trade_seq": 3469, "trade_id": "246197831", "timestamp": 1679098776704, "tick_direction": 3, "price": 0.268, "mark_price": 0.26753365, "iv": 95.46, "instrument_name": "BTC-31MAR23-20000-C", "index_price": 27206.49, "direction": "buy", "amount": 0.1}, {"trade_seq": 3468, "trade_id": "246197829", "timestamp": 1679098776662, "tick_direction": 3, "price": 0.268, "mark_price": 0.26753365, "iv": 95.46, "instrument_name": "BTC-31MAR23-20000-C", "index_price": 27206.49, "direction": "buy", "amount": 0.5}, {"trade_seq": 3467, "trade_id": "246197821", "timestamp": 1679098776351, "tick_direction": 2, "price": 0.268, "mark_price": 0.26753365, "iv": 95.46, "instrument_name": "BTC-31MAR23-20000-C", "index_price": 27206.49, "direction": "buy", "amount": 0.1}, {"trade_seq": 3466, "trade_id": "246178681", "timestamp": 1679095412674, "tick_direction": 2, "price": 0.2755, "mark_price": 0.27611403, "iv": 95.59, "instrument_name": "BTC-31MAR23-20000-C", "index_price": 27450.97, "direction": "buy", "amount": 1.5}, {"trade_seq": 3465, "trade_id": "246176037", "timestamp": 1679095045689, "tick_direction": 2, "price": 0.282, "mark_price": 0.28170972, "iv": 97.54, "instrument_name": "BTC-31MAR23-20000-C", "index_price": 27685.72, "direction": "buy", "amount": 1.4}, {"trade_seq": 3464, "trade_id": "246172794", "timestamp": 1679094503423, "tick_direction": 0, "price": 0.2825, "mark_price": 0.28267168, "iv": 93.74, "instrument_name": "BTC-31MAR23-20000-C", "index_price": 27709.37, "direction": "buy", "amount": 1.4}, {"trade_seq": 3463, "trade_id": "246172137", "timestamp": 1679094419287, "tick_direction": 0, "price": 0.281, "mark_price": 0.28120371, "iv": 93.37, "instrument_name": "BTC-31MAR23-20000-C", "index_price": 27658.34, "direction": "buy", "amount": 1.2}, {"trade_seq": 3462, "trade_id": "246171766", "timestamp": 1679094376559, "tick_direction": 2, "price": 0.279, "mark_price": 0.2788548, "iv": 96.01, "instrument_name": "BTC-31MAR23-20000-C", "index_price": 27577.92, "direction": "buy", "amount": 0.8}, {"trade_seq": 3461, "trade_id": "246170454", "timestamp": 1679094194771, "tick_direction": 2, "price": 0.2795, "mark_price": 0.27948212, "iv": 93.62, "instrument_name": "BTC-31MAR23-20000-C", "index_price": 27609.92, "direction": "buy", "amount": 1.4}, {"trade_seq": 3460, "trade_id": "246169805", "timestamp": 1679094127487, "tick_direction": 0, "price": 0.28, "mark_price": 0.27990153, "iv": 94.04, "instrument_name": "BTC-31MAR23-20000-C", "index_price": 27635.47, "direction": "buy", "amount": 1.9}, {"trade_seq": 3459, "trade_id": "246167885", "timestamp": 1679093917459, "tick_direction": 2, "price": 0.278, "mark_price": 0.27795603, "iv": 94.95, "instrument_name": "BTC-31MAR23-20000-C", "index_price": 27555.08, "direction": "buy", "amount": 1.5}, {"trade_seq": 3458, "trade_id": "246165197", "timestamp": 1679093631030, "tick_direction": 0, "price": 0.284, "mark_price": 0.28389426, "iv": 96.66, "instrument_name": "BTC-31MAR23-20000-C", "index_price": 27774.0, "direction": "buy", "amount": 0.2}, {"trade_seq": 3457, "trade_id": "246165141", "timestamp": 1679093623250, "tick_direction": 0, "price": 0.2835, "mark_price": 0.28338095, "iv": 96.41, "instrument_name": "BTC-31MAR23-20000-C", "index_price": 27756.17, "direction": "buy", "amount": 0.1}, {"trade_seq": 3456, "trade_id": "246164007", "timestamp": 1679093497313, "tick_direction": 2, "price": 0.2815, "mark_price": 0.28169898, "iv": 94.21, "instrument_name": "BTC-31MAR23-20000-C", "index_price": 27684.13, "direction": "sell", "amount": 0.2}, {"trade_seq": 3455, "trade_id": "246162148", "timestamp": 1679093341058, "tick_direction": 0, "price": 0.2845, "mark_price": 0.28448828, "iv": 95.68, "instrument_name": "BTC-31MAR23-20000-C", "index_price": 27792.8, "direction": "buy", "amount": 1.3}, {"trade_seq": 3454, "trade_id": "246161731", "timestamp": 1679093310829, "tick_direction": 1, "price": 0.284, "mark_price": 0.28392936, "iv": 95.66, "instrument_name": "BTC-31MAR23-20000-C", "index_price": 27770.36, "direction": "buy", "amount": 1.5}, {"trade_seq": 3453, "trade_id": "246160717", "timestamp": 1679093216368, "tick_direction": 0, "price": 0.284, "mark_price": 0.28373187, "iv": 97.81, "instrument_name": "BTC-31MAR23-20000-C", "index_price": 27769.04, "direction": "buy", "amount": 1.3}, {"trade_seq": 3452, "trade_id": "246160671", "timestamp": 1679093214725, "tick_direction": 3, "price": 0.2835, "mark_price": 0.28359885, "iv": 94.98, "instrument_name": "BTC-31MAR23-20000-C", "index_price": 27752.03, "direction": "buy", "amount": 1.4}, {"trade_seq": 3451, "trade_id": "246160460", "timestamp": 1679093187657, "tick_direction": 2, "price": 0.2835, "mark_price": 0.28333551, "iv": 96.96, "instrument_name": "BTC-31MAR23-20000-C", "index_price": 27743.9, "direction": "buy", "amount": 1.5}, {"trade_seq": 3450, "trade_id": "246159896", "timestamp": 1679093156062, "tick_direction": 0, "price": 0.2845, "mark_price": 0.2842666, "iv": 96.35, "instrument_name": "BTC-31MAR23-20000-C", "index_price": 27781.2, "direction": "buy", "amount": 1.5}, {"trade_seq": 3449, "trade_id": "246159442", "timestamp": 1679093125497, "tick_direction": 0, "price": 0.2835, "mark_price": 0.28323792, "iv": 97.11, "instrument_name": "BTC-31MAR23-20000-C", "index_price": 27737.36, "direction": "buy", "amount": 1.5}, {"trade_seq": 3448, "trade_id": "246159084", "timestamp": 1679093102903, "tick_direction": 1, "price": 0.283, "mark_price": 0.28283917, "iv": 96.3, "instrument_name": "BTC-31MAR23-20000-C", "index_price": 27726.31, "direction": "buy", "amount": 1.4}, {"trade_seq": 3447, "trade_id": "246158858", "timestamp": 1679093088946, "tick_direction": 0, "price": 0.283, "mark_price": 0.28263283, "iv": 96.34, "instrument_name": "BTC-31MAR23-20000-C", "index_price": 27723.47, "direction": "buy", "amount": 1.0}, {"trade_seq": 3446, "trade_id": "246158624", "timestamp": 1679093076553, "tick_direction": 0, "price": 0.282, "mark_price": 0.28153562, "iv": 95.91, "instrument_name": "BTC-31MAR23-20000-C", "index_price": 27687.96, "direction": "buy", "amount": 1.4}, {"trade_seq": 3445, "trade_id": "246158415", "timestamp": 1679093065735, "tick_direction": 1, "price": 0.2815, "mark_price": 0.28125711, "iv": 94.99, "instrument_name": "BTC-31MAR23-20000-C", "index_price": 27672.18, "direction": "buy", "amount": 1.4}, {"trade_seq": 3444, "trade_id": "246157945", "timestamp": 1679093030946, "tick_direction": 0, "price": 0.2815, "mark_price": 0.28148183, "iv": 95.2, "instrument_name": "BTC-31MAR23-20000-C", "index_price": 27673.17, "direction": "buy", "amount": 1.1}, {"trade_seq": 3443, "trade_id": "246157790", "timestamp": 1679093015925, "tick_direction": 1, "price": 0.281, "mark_price": 0.28114511, "iv": 93.9, "instrument_name": "BTC-31MAR23-20000-C", "index_price": 27659.47, "direction": "buy", "amount": 0.4}, {"trade_seq": 3442, "trade_id": "246157729", "timestamp": 1679093009932, "tick_direction": 0, "price": 0.281, "mark_price": 0.28096327, "iv": 95.33, "instrument_name": "BTC-31MAR23-20000-C", "index_price": 27657.07, "direction": "buy", "amount": 1.2}, {"trade_seq": 3441, "trade_id": "246157530", "timestamp": 1679092993972, "tick_direction": 0, "price": 0.2805, "mark_price": 0.28022979, "iv": 97.05, "instrument_name": "BTC-31MAR23-20000-C", "index_price": 27635.52, "direction": "buy", "amount": 1.3}, {"trade_seq": 3440, "trade_id": "246156801", "timestamp": 1679092942150, "tick_direction": 2, "price": 0.279, "mark_price": 0.27853026, "iv": 97.46, "instrument_name": "BTC-31MAR23-20000-C", "index_price": 27579.82, "direction": "buy", "amount": 1.4}, {"trade_seq": 3439, "trade_id": "246156452", "timestamp": 1679092918348, "tick_direction": 0, "price": 0.2795, "mark_price": 0.27932404, "iv": 95.75, "instrument_name": "BTC-31MAR23-20000-C", "index_price": 27605.95, "direction": "buy", "amount": 1.5}, {"trade_seq": 3438, "trade_id": "246155881", "timestamp": 1679092878248, "tick_direction": 2, "price": 0.279, "mark_price": 0.27890726, "iv": 98.21, "instrument_name": "BTC-31MAR23-20000-C", "index_price": 27569.13, "direction": "buy", "amount": 1.4}, {"trade_seq": 3437, "trade_id": "246154835", "timestamp": 1679092814096, "tick_direction": 0, "price": 0.283, "mark_price": 0.28311961, "iv": 97.22, "instrument_name": "BTC-31MAR23-20000-C", "index_price": 27731.26, "direction": "buy", "amount": 1.4}, {"trade_seq": 3436, "trade_id": "246154464", "timestamp": 1679092793544, "tick_direction": 1, "price": 0.2825, "mark_price": 0.2824997, "iv": 95.14, "instrument_name": "BTC-31MAR23-20000-C", "index_price": 27721.7, "direction": "buy", "amount": 1.2}, {"trade_seq": 3435, "trade_id": "246154411", "timestamp": 1679092779239, "tick_direction": 1, "price": 0.2825, "mark_price": 0.28231272, "iv": 96.56, "instrument_name": "BTC-31MAR23-20000-C", "index_price": 27720.35, "direction": "buy", "amount": 1.4}, {"trade_seq": 3434, "trade_id": "246154218", "timestamp": 1679092765818, "tick_direction": 0, "price": 0.2825, "mark_price": 0.28234384, "iv": 95.24, "instrument_name": "BTC-31MAR23-20000-C", "index_price": 27722.85, "direction": "buy", "amount": 0.8}, {"trade_seq": 3433, "trade_id": "246154103", "timestamp": 1679092752767, "tick_direction": 3, "price": 0.2815, "mark_price": 0.28085902, "iv": 98.76, "instrument_name": "BTC-31MAR23-20000-C", "index_price": 27676.77, "direction": "buy", "amount": 0.8}, {"trade_seq": 3432, "trade_id": "246153629", "timestamp": 1679092714724, "tick_direction": 2, "price": 0.2815, "mark_price": 0.28118762, "iv": 96.82, "instrument_name": "BTC-31MAR23-20000-C", "index_price": 27672.37, "direction": "buy", "amount": 0.8}, {"trade_seq": 3431, "trade_id": "246152652", "timestamp": 1679092682183, "tick_direction": 0, "price": 0.283, "mark_price": 0.28281663, "iv": 94.41, "instrument_name": "BTC-31MAR23-20000-C", "index_price": 27754.73, "direction": "buy", "amount": 2.0}, {"trade_seq": 3430, "trade_id": "246152220", "timestamp": 1679092670942, "tick_direction": 2, "price": 0.282, "mark_price": 0.28210063, "iv": 94.63, "instrument_name": "BTC-31MAR23-20000-C", "index_price": 27710.87, "direction": "buy", "amount": 1.1}, {"trade_seq": 3429, "trade_id": "246151763", "timestamp": 1679092660569, "tick_direction": 0, "price": 0.283, "mark_price": 0.28254959, "iv": 95.09, "instrument_name": "BTC-31MAR23-20000-C", "index_price": 27735.64, "direction": "buy", "amount": 1.7}, {"trade_seq": 3428, "trade_id": "246150689", "timestamp": 1679092640779, "tick_direction": 0, "price": 0.279, "mark_price": 0.27863352, "iv": 96.13, "instrument_name": "BTC-31MAR23-20000-C", "index_price": 27589.7, "direction": "buy", "amount": 1.4}, {"trade_seq": 3427, "trade_id": "246149995", "timestamp": 1679092617733, "tick_direction": 0, "price": 0.2785, "mark_price": 0.27834469, "iv": 94.76, "instrument_name": "BTC-31MAR23-20000-C", "index_price": 27565.4, "direction": "buy", "amount": 0.1}, {"trade_seq": 3426, "trade_id": "246149901", "timestamp": 1679092613850, "tick_direction": 0, "price": 0.278, "mark_price": 0.27782547, "iv": 94.89, "instrument_name": "BTC-31MAR23-20000-C", "index_price": 27554.68, "direction": "buy", "amount": 1.4}, {"trade_seq": 3425, "trade_id": "246149633", "timestamp": 1679092587654, "tick_direction": 0, "price": 0.2775, "mark_price": 0.27749605, "iv": 93.56, "instrument_name": "BTC-31MAR23-20000-C", "index_price": 27534.24, "direction": "buy", "amount": 1.5}, {"trade_seq": 3424, "trade_id": "246149398", "timestamp": 1679092571669, "tick_direction": 0, "price": 0.277, "mark_price": 0.27663895, "iv": 96.17, "instrument_name": "BTC-31MAR23-20000-C", "index_price": 27505.81, "direction": "buy", "amount": 1.5}, {"trade_seq": 3423, "trade_id": "246148932", "timestamp": 1679092517941, "tick_direction": 3, "price": 0.276, "mark_price": 0.27593924, "iv": 93.85, "instrument_name": "BTC-31MAR23-20000-C", "index_price": 27472.64, "direction": "buy", "amount": 1.4}, {"trade_seq": 3422, "trade_id": "246148722", "timestamp": 1679092491788, "tick_direction": 2, "price": 0.276, "mark_price": 0.27594556, "iv": 93.78, "instrument_name": "BTC-31MAR23-20000-C", "index_price": 27473.04, "direction": "buy", "amount": 1.4}, {"trade_seq": 3421, "trade_id": "246148175", "timestamp": 1679092448970, "tick_direction": 0, "price": 0.2765, "mark_price": 0.27633257, "iv": 94.55, "instrument_name": "BTC-31MAR23-20000-C", "index_price": 27493.7, "direction": "buy", "amount": 1.4}, {"trade_seq": 3420, "trade_id": "246147779", "timestamp": 1679092395492, "tick_direction": 3, "price": 0.275, "mark_price": 0.27481469, "iv": 94.05, "instrument_name": "BTC-31MAR23-20000-C", "index_price": 27442.19, "direction": "buy", "amount": 1.4}, {"trade_seq": 3419, "trade_id": "246147693", "timestamp": 1679092387090, "tick_direction": 2, "price": 0.275, "mark_price": 0.27494069, "iv": 94.28, "instrument_name": "BTC-31MAR23-20000-C", "index_price": 27436.62, "direction": "buy", "amount": 1.4}, {"trade_seq": 3418, "trade_id": "246147072", "timestamp": 1679092341715, "tick_direction": 2, "price": 0.2755, "mark_price": 0.27525971, "iv": 94.66, "instrument_name": "BTC-31MAR23-20000-C", "index_price": 27452.42, "direction": "buy", "amount": 1.0}, {"trade_seq": 3417, "trade_id": "246146676", "timestamp": 1679092305248, "tick_direction": 1, "price": 0.276, "mark_price": 0.27594407, "iv": 93.56, "instrument_name": "BTC-31MAR23-20000-C", "index_price": 27477.24, "direction": "buy", "amount": 0.2}, {"trade_seq": 3416, "trade_id": "246146663", "timestamp": 1679092303872, "tick_direction": 1, "price": 0.276, "mark_price": 0.27593442, "iv": 93.64, "instrument_name": "BTC-31MAR23-20000-C", "index_price": 27470.28, "direction": "buy", "amount": 0.2}, {"trade_seq": 3415, "trade_id": "246146662", "timestamp": 1679092303866, "tick_direction": 1, "price": 0.276, "mark_price": 0.27593442, "iv": 93.64, "instrument_name": "BTC-31MAR23-20000-C", "index_price": 27470.28, "direction": "buy", "amount": 0.2}, {"trade_seq": 3414, "trade_id": "246146661", "timestamp": 1679092303848, "tick_direction": 0, "price": 0.276, "mark_price": 0.27593442, "iv": 93.64, "instrument_name": "BTC-31MAR23-20000-C", "index_price": 27470.28, "direction": "buy", "amount": 1.4}, {"trade_seq": 3413, "trade_id": "246146047", "timestamp": 1679092262349, "tick_direction": 2, "price": 0.2745, "mark_price": 0.27447295, "iv": 94.73, "instrument_name": "BTC-31MAR23-20000-C", "index_price": 27404.82, "direction": "buy", "amount": 1.0}, {"trade_seq": 3412, "trade_id": "246145497", "timestamp": 1679092208513, "tick_direction": 1, "price": 0.2765, "mark_price": 0.27608129, "iv": 96.24, "instrument_name": "BTC-31MAR23-20000-C", "index_price": 27474.83, "direction": "buy", "amount": 0.9}, {"trade_seq": 3411, "trade_id": "246145496", "timestamp": 1679092208426, "tick_direction": 0, "price": 0.2765, "mark_price": 0.27608129, "iv": 96.24, "instrument_name": "BTC-31MAR23-20000-C", "index_price": 27474.83, "direction": "buy", "amount": 1.0}, {"trade_seq": 3410, "trade_id": "246129871", "timestamp": 1679090678204, "tick_direction": 0, "price": 0.2655, "mark_price": 0.26557718, "iv": 89.98, "instrument_name": "BTC-31MAR23-20000-C", "index_price": 27084.23, "direction": "sell", "amount": 0.1}, {"trade_seq": 3409, "trade_id": "246009843", "timestamp": 1679063960094, "tick_direction": 2, "price": 0.2465, "mark_price": 0.24722323, "iv": 82.78, "instrument_name": "BTC-31MAR23-20000-C", "index_price": 26430.42, "direction": "sell", "amount": 0.1}, {"trade_seq": 3408, "trade_id": "245994994", "timestamp": 1679060948324, "tick_direction": 2, "price": 0.2485, "mark_price": 0.24876758, "iv": 87.24, "instrument_name": "BTC-31MAR23-20000-C", "index_price": 26490.48, "direction": "sell", "amount": 0.1}, {"trade_seq": 3407, "trade_id": "245990634", "timestamp": 1679060144423, "tick_direction": 2, "price": 0.2505, "mark_price": 0.25105676, "iv": 86.95, "instrument_name": "BTC-31MAR23-20000-C", "index_price": 26558.98, "direction": "sell", "amount": 0.1}, {"trade_seq": 3406, "trade_id": "245932956", "timestamp": 1679049435556, "tick_direction": 0, "price": 0.2537, "mark_price": 0.25084323, "iv": 101.73, "instrument_name": "BTC-31MAR23-20000-C", "index_price": 26584.64, "direction": "buy", "block_trade_id": "68889", "amount": 150.0}, {"trade_seq": 3405, "trade_id": "245921804", "timestamp": 1679047788064, "tick_direction": 0, "price": 0.2512, "mark_price": 0.24920625, "iv": 97.08, "instrument_name": "BTC-31MAR23-20000-C", "index_price": 26537.31, "direction": "buy", "block_trade_id": "68883", "amount": 150.0}, {"trade_seq": 3404, "trade_id": "245907848", "timestamp": 1679044298629, "tick_direction": 0, "price": 0.2397, "mark_price": 0.23658169, "iv": 96.38, "instrument_name": "BTC-31MAR23-20000-C", "index_price": 26109.68, "direction": "buy", "block_trade_id": "68867", "amount": 200.0}, {"trade_seq": 3403, "trade_id": "245859079", "timestamp": 1679038334418, "tick_direction": 0, "price": 0.236, "mark_price": 0.23477302, "iv": 88.67, "instrument_name": "BTC-31MAR23-20000-C", "index_price": 26048.2, "direction": "sell", "amount": 0.2}, {"trade_seq": 3402, "trade_id": "245858911", "timestamp": 1679038316013, "tick_direction": 1, "price": 0.235, "mark_price": 0.23472684, "iv": 83.98, "instrument_name": "BTC-31MAR23-20000-C", "index_price": 26044.41, "direction": "sell", "amount": 0.3}, {"trade_seq": 3401, "trade_id": "245858910", "timestamp": 1679038316011, "tick_direction": 0, "price": 0.235, "mark_price": 0.23472684, "iv": 83.98, "instrument_name": "BTC-31MAR23-20000-C", "index_price": 26044.41, "direction": "sell", "amount": 1.3}, {"trade_seq": 3400, "trade_id": "245826272", "timestamp": 1679031778205, "tick_direction": 0, "price": 0.2283, "mark_price": 0.22743507, "iv": 85.07, "instrument_name": "BTC-31MAR23-20000-C", "index_price": 25782.22, "direction": "buy", "combo_id": "BTC-CS-31MAR23-20000_28000", "block_trade_id": "68804", "amount": 25.0}, {"trade_seq": 3399, "trade_id": "245759409", "timestamp": 1679016729105, "tick_direction": 3, "price": 0.213, "mark_price": 0.21300525, "iv": 78.32, "instrument_name": "BTC-31MAR23-20000-C", "index_price": 25301.84, "direction": "buy", "amount": 0.9}, {"trade_seq": 3398, "trade_id": "245759404", "timestamp": 1679016729049, "tick_direction": 3, "price": 0.213, "mark_price": 0.21300525, "iv": 78.32, "instrument_name": "BTC-31MAR23-20000-C", "index_price": 25301.84, "direction": "buy", "amount": 0.2}, {"trade_seq": 3397, "trade_id": "245759400", "timestamp": 1679016729037, "tick_direction": 3, "price": 0.213, "mark_price": 0.21300525, "iv": 78.32, "instrument_name": "BTC-31MAR23-20000-C", "index_price": 25301.84, "direction": "buy", "amount": 0.8}, {"trade_seq": 3396, "trade_id": "245759394", "timestamp": 1679016729014, "tick_direction": 3, "price": 0.213, "mark_price": 0.21300525, "iv": 78.32, "instrument_name": "BTC-31MAR23-20000-C", "index_price": 25301.84, "direction": "buy", "amount": 0.7}, {"trade_seq": 3395, "trade_id": "245759382", "timestamp": 1679016728772, "tick_direction": 3, "price": 0.213, "mark_price": 0.21303544, "iv": 78.32, "instrument_name": "BTC-31MAR23-20000-C", "index_price": 25301.84, "direction": "buy", "amount": 0.6}, {"trade_seq": 3394, "trade_id": "245759376", "timestamp": 1679016728686, "tick_direction": 2, "price": 0.213, "mark_price": 0.21303544, "iv": 78.32, "instrument_name": "BTC-31MAR23-20000-C", "index_price": 25301.84, "direction": "buy", "amount": 0.3}, {"trade_seq": 3393, "trade_id": "245757620", "timestamp": 1679016608250, "tick_direction": 0, "price": 0.215, "mark_price": 0.21626202, "iv": 71.59, "instrument_name": "BTC-31MAR23-20000-C", "index_price": 25424.46, "direction": "buy", "amount": 3.5}, {"trade_seq": 3392, "trade_id": "245751329", "timestamp": 1679015728982, "tick_direction": 1, "price": 0.205, "mark_price": 0.20498363, "iv": 75.94, "instrument_name": "BTC-31MAR23-20000-C", "index_price": 25051.79, "direction": "buy", "amount": 0.1}, {"trade_seq": 3391, "trade_id": "245751328", "timestamp": 1679015728982, "tick_direction": 1, "price": 0.205, "mark_price": 0.20498363, "iv": 75.94, "instrument_name": "BTC-31MAR23-20000-C", "index_price": 25051.79, "direction": "buy", "amount": 0.1}, {"trade_seq": 3390, "trade_id": "245751327", "timestamp": 1679015728982, "tick_direction": 0, "price": 0.205, "mark_price": 0.20498363, "iv": 75.94, "instrument_name": "BTC-31MAR23-20000-C", "index_price": 25051.79, "direction": "buy", "amount": 0.1}, {"trade_seq": 3389, "trade_id": "245750561", "timestamp": 1679014714005, "tick_direction": 3, "price": 0.202, "mark_price": 0.20310508, "iv": 71.26, "instrument_name": "BTC-31MAR23-20000-C", "index_price": 24977.21, "direction": "buy", "amount": 2.7}, {"trade_seq": 3388, "trade_id": "245750560", "timestamp": 1679014714005, "tick_direction": 3, "price": 0.202, "mark_price": 0.20310508, "iv": 71.26, "instrument_name": "BTC-31MAR23-20000-C", "index_price": 24977.21, "direction": "buy", "amount": 0.8}, {"trade_seq": 3387, "trade_id": "245750309", "timestamp": 1679014394149, "tick_direction": 2, "price": 0.202, "mark_price": 0.2032333, "iv": 70.56, "instrument_name": "BTC-31MAR23-20000-C", "index_price": 24980.92, "direction": "buy", "amount": 3.5}, {"trade_seq": 3386, "trade_id": "245748049", "timestamp": 1679012518367, "tick_direction": 3, "price": 0.205, "mark_price": 0.20503774, "iv": 76.98, "instrument_name": "BTC-31MAR23-20000-C", "index_price": 25036.41, "direction": "buy", "amount": 0.1}, {"trade_seq": 3385, "trade_id": "245748048", "timestamp": 1679012518367, "tick_direction": 3, "price": 0.205, "mark_price": 0.20503774, "iv": 76.98, "instrument_name": "BTC-31MAR23-20000-C", "index_price": 25036.41, "direction": "buy", "amount": 0.1}, {"trade_seq": 3384, "trade_id": "245748047", "timestamp": 1679012518367, "tick_direction": 3, "price": 0.205, "mark_price": 0.20503774, "iv": 76.98, "instrument_name": "BTC-31MAR23-20000-C", "index_price": 25036.41, "direction": "buy", "amount": 0.1}, {"trade_seq": 3383, "trade_id": "245748046", "timestamp": 1679012518367, "tick_direction": 3, "price": 0.205, "mark_price": 0.20503774, "iv": 76.98, "instrument_name": "BTC-31MAR23-20000-C", "index_price": 25036.41, "direction": "buy", "amount": 0.1}, {"trade_seq": 3382, "trade_id": "245747822", "timestamp": 1679012396748, "tick_direction": 3, "price": 0.205, "mark_price": 0.20520746, "iv": 76.31, "instrument_name": "BTC-31MAR23-20000-C", "index_price": 25035.85, "direction": "buy", "amount": 0.1}, {"trade_seq": 3381, "trade_id": "245747821", "timestamp": 1679012396748, "tick_direction": 3, "price": 0.205, "mark_price": 0.20520746, "iv": 76.31, "instrument_name": "BTC-31MAR23-20000-C", "index_price": 25035.85, "direction": "buy", "amount": 0.1}, {"trade_seq": 3380, "trade_id": "245747820", "timestamp": 1679012396748, "tick_direction": 3, "price": 0.205, "mark_price": 0.20520746, "iv": 76.31, "instrument_name": "BTC-31MAR23-20000-C", "index_price": 25035.85, "direction": "buy", "amount": 0.1}, {"trade_seq": 3379, "trade_id": "245747819", "timestamp": 1679012396748, "tick_direction": 2, "price": 0.205, "mark_price": 0.20520746, "iv": 76.31, "instrument_name": "BTC-31MAR23-20000-C", "index_price": 25035.85, "direction": "buy", "amount": 0.1}, {"trade_seq": 3378, "trade_id": "245745051", "timestamp": 1679010162197, "tick_direction": 0, "price": 0.2065, "mark_price": 0.20678436, "iv": 76.1, "instrument_name": "BTC-31MAR23-20000-C", "index_price": 25091.99, "direction": "buy", "amount": 0.2}, {"trade_seq": 3377, "trade_id": "245559846", "timestamp": 1678938809541, "tick_direction": 1, "price": 0.182, "mark_price": 0.18183211, "iv": 69.34, "instrument_name": "BTC-31MAR23-20000-C", "index_price": 24327.24, "direction": "sell", "amount": 1.2}, {"trade_seq": 3376, "trade_id": "245559816", "timestamp": 1678938760383, "tick_direction": 1, "price": 0.182, "mark_price": 0.18207758, "iv": 68.67, "instrument_name": "BTC-31MAR23-20000-C", "index_price": 24331.36, "direction": "sell", "amount": 2.0}, {"trade_seq": 3375, "trade_id": "245541776", "timestamp": 1678927489807, "tick_direction": 0, "price": 0.182, "mark_price": 0.18189892, "iv": 75.26, "instrument_name": "BTC-31MAR23-20000-C", "index_price": 24277.55, "direction": "buy", "amount": 8.6}, {"trade_seq": 3374, "trade_id": "245541697", "timestamp": 1678927474949, "tick_direction": 3, "price": 0.1815, "mark_price": 0.18139667, "iv": 74.67, "instrument_name": "BTC-31MAR23-20000-C", "index_price": 24267.66, "direction": "buy", "amount": 0.2}, {"trade_seq": 3373, "trade_id": "245541696", "timestamp": 1678927474947, "tick_direction": 3, "price": 0.1815, "mark_price": 0.18139667, "iv": 74.67, "instrument_name": "BTC-31MAR23-20000-C", "index_price": 24267.66, "direction": "buy", "amount": 1.2}, {"trade_seq": 3372, "trade_id": "245541694", "timestamp": 1678927474918, "tick_direction": 2, "price": 0.1815, "mark_price": 0.18139667, "iv": 74.67, "instrument_name": "BTC-31MAR23-20000-C", "index_price": 24267.66, "direction": "buy", "amount": 1.1}, {"trade_seq": 3371, "trade_id": "245530360", "timestamp": 1678923751393, "tick_direction": 2, "price": 0.1865, "mark_price": 0.18607387, "iv": 78.19, "instrument_name": "BTC-31MAR23-20000-C", "index_price": 24367.7, "direction": "sell", "amount": 2.0}, {"trade_seq": 3370, "trade_id": "245287085", "timestamp": 1678861283027, "tick_direction": 2, "price": 0.1985, "mark_price": 0.19930449, "liquidation": "M", "iv": 74.47, "instrument_name": "BTC-31MAR23-20000-C", "index_price": 24775.27, "direction": "buy", "amount": 0.3}, {"trade_seq": 3369, "trade_id": "245195468", "timestamp": 1678824041295, "tick_direction": 1, "price": 0.2095, "mark_price": 0.20941845, "iv": 79.23, "instrument_name": "BTC-31MAR23-20000-C", "index_price": 25082.68, "direction": "sell", "amount": 0.7}, {"trade_seq": 3368, "trade_id": "245195467", "timestamp": 1678824041288, "tick_direction": 0, "price": 0.2095, "mark_price": 0.20941845, "iv": 79.23, "instrument_name": "BTC-31MAR23-20000-C", "index_price": 25082.68, "direction": "sell", "amount": 0.3}, {"trade_seq": 3367, "trade_id": "245187480", "timestamp": 1678822799575, "tick_direction": 0, "price": 0.195, "mark_price": 0.19430375, "iv": 78.74, "instrument_name": "BTC-31MAR23-20000-C", "index_price": 24597.95, "direction": "buy", "amount": 1.0}, {"trade_seq": 3366, "trade_id": "245187451", "timestamp": 1678822799106, "tick_direction": 2, "price": 0.1945, "mark_price": 0.19430375, "iv": 77.36, "instrument_name": "BTC-31MAR23-20000-C", "index_price": 24586.64, "direction": "buy", "amount": 1.0}, {"trade_seq": 3365, "trade_id": "245186306", "timestamp": 1678822515135, "tick_direction": 0, "price": 0.195, "mark_price": 0.19525914, "iv": 75.88, "instrument_name": "BTC-31MAR23-20000-C", "index_price": 24618.47, "direction": "buy", "amount": 1.0}, {"trade_seq": 3364, "trade_id": "245185719", "timestamp": 1678822375854, "tick_direction": 2, "price": 0.193, "mark_price": 0.19258209, "iv": 77.54, "instrument_name": "BTC-31MAR23-20000-C", "index_price": 24525.93, "direction": "buy", "amount": 1.0}, {"trade_seq": 3363, "trade_id": "245143401", "timestamp": 1678814476899, "tick_direction": 2, "price": 0.2245, "mark_price": 0.22926919, "iv": 50.65, "instrument_name": "BTC-31MAR23-20000-C", "index_price": 25761.48, "direction": "sell", "amount": 0.1}, {"trade_seq": 3362, "trade_id": "245132504", "timestamp": 1678810986403, "tick_direction": 0, "price": 0.2335, "mark_price": 0.23338195, "iv": 82.06, "instrument_name": "BTC-31MAR23-20000-C", "index_price": 25913.08, "direction": "sell", "amount": 0.1}, {"trade_seq": 3361, "trade_id": "244949024", "timestamp": 1678775910180, "tick_direction": 2, "price": 0.1885, "mark_price": 0.18806497, "iv": 70.56, "instrument_name": "BTC-31MAR23-20000-C", "index_price": 24492.93, "direction": "sell", "amount": 0.7}, {"trade_seq": 3360, "trade_id": "244927668", "timestamp": 1678770641925, "tick_direction": 0, "price": 0.195, "mark_price": 0.19280698, "iv": 76.18, "instrument_name": "BTC-31MAR23-20000-C", "index_price": 24679.31, "direction": "buy", "amount": 0.1}, {"trade_seq": 3359, "trade_id": "244921307", "timestamp": 1678764729666, "tick_direction": 0, "price": 0.1875, "mark_price": 0.18602826, "iv": 72.26, "instrument_name": "BTC-31MAR23-20000-C", "index_price": 24445.04, "direction": "buy", "amount": 0.2}, {"trade_seq": 3358, "trade_id": "244918676", "timestamp": 1678762065331, "tick_direction": 2, "price": 0.1845, "mark_price": 0.18482194, "iv": 68.09, "instrument_name": "BTC-31MAR23-20000-C", "index_price": 24370.76, "direction": "buy", "amount": 1.0}, {"trade_seq": 3357, "trade_id": "244917779", "timestamp": 1678761387446, "tick_direction": 2, "price": 0.1865, "mark_price": 0.18615194, "iv": 71.62, "instrument_name": "BTC-31MAR23-20000-C", "index_price": 24400.68, "direction": "sell", "amount": 0.5}, {"trade_seq": 3356, "trade_id": "244917193", "timestamp": 1678760894993, "tick_direction": 2, "price": 0.187, "mark_price": 0.18656441, "iv": 71.93, "instrument_name": "BTC-31MAR23-20000-C", "index_price": 24420.99, "direction": "sell", "amount": 0.7}, {"trade_seq": 3355, "trade_id": "244917150", "timestamp": 1678760844429, "tick_direction": 2, "price": 0.1875, "mark_price": 0.1871016, "iv": 71.83, "instrument_name": "BTC-31MAR23-20000-C", "index_price": 24437.02, "direction": "sell", "amount": 1.5}, {"trade_seq": 3354, "trade_id": "244917004", "timestamp": 1678760723543, "tick_direction": 0, "price": 0.1885, "mark_price": 0.18762318, "iv": 73.28, "instrument_name": "BTC-31MAR23-20000-C", "index_price": 24452.4, "direction": "sell", "amount": 2.0}, {"trade_seq": 3353, "trade_id": "244916574", "timestamp": 1678760404167, "tick_direction": 1, "price": 0.1875, "mark_price": 0.18724934, "iv": 71.9, "instrument_name": "BTC-31MAR23-20000-C", "index_price": 24433.4, "direction": "sell", "amount": 0.3}, {"trade_seq": 3352, "trade_id": "244916572", "timestamp": 1678760402316, "tick_direction": 1, "price": 0.1875, "mark_price": 0.18724591, "iv": 71.71, "instrument_name": "BTC-31MAR23-20000-C", "index_price": 24435.72, "direction": "sell", "amount": 0.2}, {"trade_seq": 3351, "trade_id": "244916571", "timestamp": 1678760399734, "tick_direction": 1, "price": 0.1875, "mark_price": 0.1871978, "iv": 71.85, "instrument_name": "BTC-31MAR23-20000-C", "index_price": 24435.34, "direction": "sell", "amount": 0.7}, {"trade_seq": 3350, "trade_id": "244916570", "timestamp": 1678760397263, "tick_direction": 0, "price": 0.1875, "mark_price": 0.18722131, "iv": 71.79, "instrument_name": "BTC-31MAR23-20000-C", "index_price": 24434.59, "direction": "sell", "amount": 0.8}, {"trade_seq": 3349, "trade_id": "244916021", "timestamp": 1678760048148, "tick_direction": 2, "price": 0.187, "mark_price": 0.18709824, "iv": 70.85, "instrument_name": "BTC-31MAR23-20000-C", "index_price": 24429.35, "direction": "sell", "amount": 2.3}, {"trade_seq": 3348, "trade_id": "244913579", "timestamp": 1678759238226, "tick_direction": 0, "price": 0.1905, "mark_price": 0.18971397, "iv": 73.21, "instrument_name": "BTC-31MAR23-20000-C", "index_price": 24520.69, "direction": "sell", "amount": 4.0}, {"trade_seq": 3347, "trade_id": "244905055", "timestamp": 1678754970699, "tick_direction": 0, "price": 0.184, "mark_price": 0.18400616, "iv": 72.0, "instrument_name": "BTC-31MAR23-20000-C", "index_price": 24324.62, "direction": "sell", "amount": 3.0}, {"trade_seq": 3346, "trade_id": "244891304", "timestamp": 1678749090811, "tick_direction": 2, "price": 0.1825, "mark_price": 0.18305512, "iv": 71.16, "instrument_name": "BTC-31MAR23-20000-C", "index_price": 24260.91, "direction": "buy", "amount": 1.0}, {"trade_seq": 3345, "trade_id": "244881060", "timestamp": 1678741836984, "tick_direction": 1, "price": 0.186, "mark_price": 0.18517819, "iv": 75.44, "instrument_name": "BTC-31MAR23-20000-C", "index_price": 24305.3, "direction": "sell", "amount": 1.5}, {"trade_seq": 3344, "trade_id": "244881057", "timestamp": 1678741832759, "tick_direction": 1, "price": 0.186, "mark_price": 0.18517414, "iv": 75.48, "instrument_name": "BTC-31MAR23-20000-C", "index_price": 24304.6, "direction": "sell", "amount": 0.2}, {"trade_seq": 3343, "trade_id": "244881055", "timestamp": 1678741830911, "tick_direction": 1, "price": 0.186, "mark_price": 0.18529219, "iv": 75.4, "instrument_name": "BTC-31MAR23-20000-C", "index_price": 24305.52, "direction": "sell", "amount": 0.1}, {"trade_seq": 3342, "trade_id": "244881019", "timestamp": 1678741824790, "tick_direction": 1, "price": 0.186, "mark_price": 0.18508086, "iv": 75.71, "instrument_name": "BTC-31MAR23-20000-C", "index_price": 24300.99, "direction": "sell", "amount": 0.1}, {"trade_seq": 3341, "trade_id": "244880947", "timestamp": 1678741805927, "tick_direction": 0, "price": 0.186, "mark_price": 0.18530551, "iv": 75.17, "instrument_name": "BTC-31MAR23-20000-C", "index_price": 24308.8, "direction": "sell", "amount": 0.1}, {"trade_seq": 3340, "trade_id": "244880459", "timestamp": 1678741607661, "tick_direction": 2, "price": 0.184, "mark_price": 0.18395754, "iv": 73.32, "instrument_name": "BTC-31MAR23-20000-C", "index_price": 24264.46, "direction": "sell", "amount": 2.2}, {"trade_seq": 3339, "trade_id": "244861887", "timestamp": 1678734491033, "tick_direction": 1, "price": 0.1905, "mark_price": 0.1903176, "iv": 74.47, "instrument_name": "BTC-31MAR23-20000-C", "index_price": 24479.62, "direction": "sell", "amount": 0.5}, {"trade_seq": 3338, "trade_id": "244861886", "timestamp": 1678734490979, "tick_direction": 1, "price": 0.1905, "mark_price": 0.1903176, "iv": 74.47, "instrument_name": "BTC-31MAR23-20000-C", "index_price": 24479.62, "direction": "sell", "amount": 0.1}, {"trade_seq": 3337, "trade_id": "244861884", "timestamp": 1678734490947, "tick_direction": 0, "price": 0.1905, "mark_price": 0.1903176, "iv": 74.47, "instrument_name": "BTC-31MAR23-20000-C", "index_price": 24479.62, "direction": "sell", "amount": 2.2}, {"trade_seq": 3336, "trade_id": "244836523", "timestamp": 1678725771110, "tick_direction": 2, "price": 0.1785, "mark_price": 0.18069043, "iv": 70.17, "instrument_name": "BTC-31MAR23-20000-C", "index_price": 24116.79, "direction": "buy", "amount": 1.0}, {"trade_seq": 3335, "trade_id": "244827856", "timestamp": 1678724052482, "tick_direction": 1, "price": 0.1835, "mark_price": 0.1840764, "iv": 75.45, "instrument_name": "BTC-31MAR23-20000-C", "index_price": 24231.81, "direction": "buy", "amount": 0.2}, {"trade_seq": 3334, "trade_id": "244824481", "timestamp": 1678723670867, "tick_direction": 0, "price": 0.1835, "mark_price": 0.18402348, "iv": 76.24, "instrument_name": "BTC-31MAR23-20000-C", "index_price": 24211.35, "direction": "buy", "amount": 1.0}, {"trade_seq": 3333, "trade_id": "244823877", "timestamp": 1678723576159, "tick_direction": 0, "price": 0.1815, "mark_price": 0.18161091, "iv": 77.29, "instrument_name": "BTC-31MAR23-20000-C", "index_price": 24133.6, "direction": "buy", "amount": 1.0}, {"trade_seq": 3332, "trade_id": "244812607", "timestamp": 1678721966893, "tick_direction": 2, "price": 0.18, "mark_price": 0.18034855, "iv": 79.25, "instrument_name": "BTC-31MAR23-20000-C", "index_price": 24061.03, "direction": "buy", "amount": 0.1}, {"trade_seq": 3331, "trade_id": "244787814", "timestamp": 1678720184695, "tick_direction": 1, "price": 0.195, "mark_price": 0.192838, "iv": 86.25, "instrument_name": "BTC-31MAR23-20000-C", "index_price": 24467.09, "direction": "sell", "amount": 0.9}, {"trade_seq": 3330, "trade_id": "244787813", "timestamp": 1678720184694, "tick_direction": 0, "price": 0.195, "mark_price": 0.192838, "iv": 86.25, "instrument_name": "BTC-31MAR23-20000-C", "index_price": 24467.09, "direction": "sell", "amount": 0.1}, {"trade_seq": 3329, "trade_id": "244744666", "timestamp": 1678717349816, "tick_direction": 1, "price": 0.16, "mark_price": 0.1592222, "iv": 74.45, "instrument_name": "BTC-31MAR23-20000-C", "index_price": 23474.75, "direction": "buy", "amount": 0.1}, {"trade_seq": 3328, "trade_id": "244744591", "timestamp": 1678717348567, "tick_direction": 1, "price": 0.16, "mark_price": 0.15893328, "iv": 74.96, "instrument_name": "BTC-31MAR23-20000-C", "index_price": 23460.96, "direction": "buy", "amount": 0.1}, {"trade_seq": 3327, "trade_id": "244744590", "timestamp": 1678717348565, "tick_direction": 1, "price": 0.16, "mark_price": 0.15893328, "iv": 74.96, "instrument_name": "BTC-31MAR23-20000-C", "index_price": 23460.96, "direction": "buy", "amount": 0.1}, {"trade_seq": 3326, "trade_id": "244744589", "timestamp": 1678717348563, "tick_direction": 1, "price": 0.16, "mark_price": 0.15893328, "iv": 74.96, "instrument_name": "BTC-31MAR23-20000-C", "index_price": 23460.96, "direction": "buy", "amount": 0.8}, {"trade_seq": 3325, "trade_id": "244744588", "timestamp": 1678717348560, "tick_direction": 1, "price": 0.16, "mark_price": 0.15893328, "iv": 74.96, "instrument_name": "BTC-31MAR23-20000-C", "index_price": 23460.96, "direction": "buy", "amount": 0.1}, {"trade_seq": 3324, "trade_id": "244744587", "timestamp": 1678717348557, "tick_direction": 1, "price": 0.16, "mark_price": 0.15893328, "iv": 74.96, "instrument_name": "BTC-31MAR23-20000-C", "index_price": 23460.96, "direction": "buy", "amount": 0.3}, {"trade_seq": 3323, "trade_id": "244744582", "timestamp": 1678717348515, "tick_direction": 0, "price": 0.16, "mark_price": 0.15893328, "iv": 74.96, "instrument_name": "BTC-31MAR23-20000-C", "index_price": 23460.96, "direction": "buy", "amount": 0.2}, {"trade_seq": 3322, "trade_id": "244737412", "timestamp": 1678717045668, "tick_direction": 0, "price": 0.145, "mark_price": 0.14809368, "iv": 66.11, "instrument_name": "BTC-31MAR23-20000-C", "index_price": 23145.75, "direction": "sell", "amount": 0.1}, {"trade_seq": 3321, "trade_id": "244736932", "timestamp": 1678717010121, "tick_direction": 0, "price": 0.1445, "mark_price": 0.14918109, "iv": 63.13, "instrument_name": "BTC-31MAR23-20000-C", "index_price": 23168.77, "direction": "sell", "amount": 0.1}, {"trade_seq": 3320, "trade_id": "244575885", "timestamp": 1678669466059, "tick_direction": 0, "price": 0.128, "mark_price": 0.1271634, "iv": 65.98, "instrument_name": "BTC-31MAR23-20000-C", "index_price": 22605.23, "direction": "sell", "amount": 2.0}, {"trade_seq": 3319, "trade_id": "244554582", "timestamp": 1678666459714, "tick_direction": 0, "price": 0.111, "mark_price": 0.11332854, "iv": 61.5, "instrument_name": "BTC-31MAR23-20000-C", "index_price": 22143.76, "direction": "buy", "amount": 0.1}, {"trade_seq": 3318, "trade_id": "244504939", "timestamp": 1678659377317, "tick_direction": 0, "price": 0.088, "mark_price": 0.08901734, "iv": 61.55, "instrument_name": "BTC-31MAR23-20000-C", "index_price": 21428.0, "direction": "buy", "amount": 0.1}, {"trade_seq": 3317, "trade_id": "244504166", "timestamp": 1678659306767, "tick_direction": 1, "price": 0.087, "mark_price": 0.08728414, "iv": 62.46, "instrument_name": "BTC-31MAR23-20000-C", "index_price": 21373.35, "direction": "sell", "amount": 5.2}, {"trade_seq": 3316, "trade_id": "244504165", "timestamp": 1678659306765, "tick_direction": 0, "price": 0.087, "mark_price": 0.08728414, "iv": 62.46, "instrument_name": "BTC-31MAR23-20000-C", "index_price": 21373.35, "direction": "buy", "amount": 0.2}, {"trade_seq": 3315, "trade_id": "244504164", "timestamp": 1678659306765, "tick_direction": 0, "price": 0.0865, "mark_price": 0.08728414, "iv": 61.84, "instrument_name": "BTC-31MAR23-20000-C", "index_price": 21373.35, "direction": "buy", "amount": 0.2}, {"trade_seq": 3314, "trade_id": "244504163", "timestamp": 1678659306765, "tick_direction": 1, "price": 0.086, "mark_price": 0.08728414, "iv": 61.21, "instrument_name": "BTC-31MAR23-20000-C", "index_price": 21373.35, "direction": "buy", "amount": 0.2}, {"trade_seq": 3313, "trade_id": "244504162", "timestamp": 1678659306765, "tick_direction": 1, "price": 0.086, "mark_price": 0.08728414, "iv": 61.21, "instrument_name": "BTC-31MAR23-20000-C", "index_price": 21373.35, "direction": "buy", "amount": 0.2}, {"trade_seq": 3312, "trade_id": "244495139", "timestamp": 1678656385663, "tick_direction": 0, "price": 0.086, "mark_price": 0.08713598, "iv": 60.3, "instrument_name": "BTC-31MAR23-20000-C", "index_price": 21393.98, "direction": "buy", "amount": 0.5}, {"trade_seq": 3311, "trade_id": "244476591", "timestamp": 1678651710602, "tick_direction": 0, "price": 0.078, "mark_price": 0.07780773, "iv": 62.25, "instrument_name": "BTC-31MAR23-20000-C", "index_price": 21127.19, "direction": "buy", "amount": 1.0}, {"trade_seq": 3310, "trade_id": "244471554", "timestamp": 1678649769336, "tick_direction": 3, "price": 0.0775, "mark_price": 0.0783754, "iv": 61.42, "instrument_name": "BTC-31MAR23-20000-C", "index_price": 21157.32, "direction": "buy", "amount": 0.9}, {"trade_seq": 3309, "trade_id": "244471527", "timestamp": 1678649769175, "tick_direction": 2, "price": 0.0775, "mark_price": 0.0783754, "iv": 61.42, "instrument_name": "BTC-31MAR23-20000-C", "index_price": 21157.32, "direction": "buy", "amount": 0.1}, {"trade_seq": 3308, "trade_id": "244456437", "timestamp": 1678646880919, "tick_direction": 0, "price": 0.0915, "mark_price": 0.08902311, "iv": 65.35, "instrument_name": "BTC-31MAR23-20000-C", "index_price": 21509.03, "direction": "buy", "amount": 6.0}, {"trade_seq": 3307, "trade_id": "244444173", "timestamp": 1678645804203, "tick_direction": 0, "price": 0.077, "mark_price": 0.07635851, "iv": 58.59, "instrument_name": "BTC-31MAR23-20000-C", "index_price": 21180.32, "direction": "buy", "amount": 0.4}, {"trade_seq": 3306, "trade_id": "244439035", "timestamp": 1678644540045, "tick_direction": 3, "price": 0.07, "mark_price": 0.0712144, "iv": 56.35, "instrument_name": "BTC-31MAR23-20000-C", "index_price": 20984.65, "direction": "buy", "amount": 2.8}, {"trade_seq": 3305, "trade_id": "244439028", "timestamp": 1678644538992, "tick_direction": 2, "price": 0.07, "mark_price": 0.07123583, "iv": 56.31, "instrument_name": "BTC-31MAR23-20000-C", "index_price": 20986.13, "direction": "buy", "amount": 3.0}, {"trade_seq": 3304, "trade_id": "244438977", "timestamp": 1678644530345, "tick_direction": 3, "price": 0.0705, "mark_price": 0.07173159, "iv": 56.44, "instrument_name": "BTC-31MAR23-20000-C", "index_price": 20995.95, "direction": "buy", "amount": 0.4}, {"trade_seq": 3303, "trade_id": "244438951", "timestamp": 1678644523775, "tick_direction": 3, "price": 0.0705, "mark_price": 0.0716266, "iv": 56.54, "instrument_name": "BTC-31MAR23-20000-C", "index_price": 20995.05, "direction": "buy", "amount": 0.4}, {"trade_seq": 3302, "trade_id": "244438947", "timestamp": 1678644521506, "tick_direction": 3, "price": 0.0705, "mark_price": 0.07161003, "iv": 56.59, "instrument_name": "BTC-31MAR23-20000-C", "index_price": 20994.5, "direction": "buy", "amount": 0.2}, {"trade_seq": 3301, "trade_id": "244438935", "timestamp": 1678644519174, "tick_direction": 3, "price": 0.0705, "mark_price": 0.07164557, "iv": 56.51, "instrument_name": "BTC-31MAR23-20000-C", "index_price": 20994.1, "direction": "buy", "amount": 0.6}, {"trade_seq": 3300, "trade_id": "244438932", "timestamp": 1678644518802, "tick_direction": 3, "price": 0.0705, "mark_price": 0.07164557, "iv": 56.51, "instrument_name": "BTC-31MAR23-20000-C", "index_price": 20994.1, "direction": "buy", "amount": 0.1}, {"trade_seq": 3299, "trade_id": "244438925", "timestamp": 1678644518409, "tick_direction": 3, "price": 0.0705, "mark_price": 0.07177053, "iv": 56.51, "instrument_name": "BTC-31MAR23-20000-C", "index_price": 20994.1, "direction": "buy", "amount": 0.6}, {"trade_seq": 3298, "trade_id": "244438878", "timestamp": 1678644517727, "tick_direction": 2, "price": 0.0705, "mark_price": 0.07177053, "iv": 56.4, "instrument_name": "BTC-31MAR23-20000-C", "index_price": 20994.22, "direction": "buy", "amount": 0.1}, {"trade_seq": 3297, "trade_id": "244438810", "timestamp": 1678644497116, "tick_direction": 2, "price": 0.071, "mark_price": 0.07209489, "iv": 56.49, "instrument_name": "BTC-31MAR23-20000-C", "index_price": 21006.16, "direction": "buy", "amount": 2.5}, {"trade_seq": 3296, "trade_id": "244438766", "timestamp": 1678644487142, "tick_direction": 1, "price": 0.0715, "mark_price": 0.07224228, "iv": 57.14, "instrument_name": "BTC-31MAR23-20000-C", "index_price": 21007.09, "direction": "buy", "amount": 0.1}, {"trade_seq": 3295, "trade_id": "244438765", "timestamp": 1678644487137, "tick_direction": 0, "price": 0.0715, "mark_price": 0.07224228, "iv": 57.14, "instrument_name": "BTC-31MAR23-20000-C", "index_price": 21007.09, "direction": "buy", "amount": 0.1}, {"trade_seq": 3294, "trade_id": "244438675", "timestamp": 1678644462038, "tick_direction": 2, "price": 0.071, "mark_price": 0.0724136, "iv": 56.63, "instrument_name": "BTC-31MAR23-20000-C", "index_price": 21006.07, "direction": "buy", "amount": 0.7}, {"trade_seq": 3293, "trade_id": "244437371", "timestamp": 1678644185063, "tick_direction": 2, "price": 0.0725, "mark_price": 0.07404202, "iv": 56.17, "instrument_name": "BTC-31MAR23-20000-C", "index_price": 21054.63, "direction": "buy", "amount": 0.8}, {"trade_seq": 3292, "trade_id": "244437247", "timestamp": 1678644164759, "tick_direction": 0, "price": 0.0735, "mark_price": 0.07433801, "iv": 56.73, "instrument_name": "BTC-31MAR23-20000-C", "index_price": 21082.24, "direction": "buy", "amount": 1.6}, {"trade_seq": 3291, "trade_id": "244437024", "timestamp": 1678644132419, "tick_direction": 0, "price": 0.073, "mark_price": 0.07328183, "iv": 57.31, "instrument_name": "BTC-31MAR23-20000-C", "index_price": 21052.66, "direction": "buy", "amount": 0.1}, {"trade_seq": 3290, "trade_id": "244436991", "timestamp": 1678644124363, "tick_direction": 1, "price": 0.0725, "mark_price": 0.07290802, "iv": 57.35, "instrument_name": "BTC-31MAR23-20000-C", "index_price": 21035.81, "direction": "buy", "amount": 0.5}, {"trade_seq": 3289, "trade_id": "244436990", "timestamp": 1678644124345, "tick_direction": 1, "price": 0.0725, "mark_price": 0.07290802, "iv": 57.35, "instrument_name": "BTC-31MAR23-20000-C", "index_price": 21035.81, "direction": "buy", "amount": 0.5}, {"trade_seq": 3288, "trade_id": "244436986", "timestamp": 1678644124089, "tick_direction": 1, "price": 0.0725, "mark_price": 0.07290802, "iv": 57.35, "instrument_name": "BTC-31MAR23-20000-C", "index_price": 21031.21, "direction": "buy", "amount": 0.1}, {"trade_seq": 3287, "trade_id": "244436985", "timestamp": 1678644124087, "tick_direction": 1, "price": 0.0725, "mark_price": 0.07290802, "iv": 57.35, "instrument_name": "BTC-31MAR23-20000-C", "index_price": 21031.21, "direction": "buy", "amount": 0.3}, {"trade_seq": 3286, "trade_id": "244436956", "timestamp": 1678644119768, "tick_direction": 1, "price": 0.0725, "mark_price": 0.07313561, "iv": 56.93, "instrument_name": "BTC-31MAR23-20000-C", "index_price": 21039.6, "direction": "buy", "amount": 1.4}, {"trade_seq": 3285, "trade_id": "244436910", "timestamp": 1678644112544, "tick_direction": 1, "price": 0.0725, "mark_price": 0.072906, "iv": 57.18, "instrument_name": "BTC-31MAR23-20000-C", "index_price": 21028.08, "direction": "buy", "amount": 0.3}, {"trade_seq": 3284, "trade_id": "244436909", "timestamp": 1678644112535, "tick_direction": 1, "price": 0.0725, "mark_price": 0.072906, "iv": 57.18, "instrument_name": "BTC-31MAR23-20000-C", "index_price": 21028.08, "direction": "buy", "amount": 0.2}, {"trade_seq": 3283, "trade_id": "244436908", "timestamp": 1678644112530, "tick_direction": 1, "price": 0.0725, "mark_price": 0.072906, "iv": 57.18, "instrument_name": "BTC-31MAR23-20000-C", "index_price": 21028.08, "direction": "buy", "amount": 0.2}, {"trade_seq": 3282, "trade_id": "244436907", "timestamp": 1678644112492, "tick_direction": 1, "price": 0.0725, "mark_price": 0.072906, "iv": 57.18, "instrument_name": "BTC-31MAR23-20000-C", "index_price": 21028.08, "direction": "buy", "amount": 0.3}, {"trade_seq": 3281, "trade_id": "244436906", "timestamp": 1678644112213, "tick_direction": 0, "price": 0.0725, "mark_price": 0.072906, "iv": 57.18, "instrument_name": "BTC-31MAR23-20000-C", "index_price": 21028.08, "direction": "buy", "amount": 0.8}, {"trade_seq": 3280, "trade_id": "244436675", "timestamp": 1678644087684, "tick_direction": 3, "price": 0.072, "mark_price": 0.07233439, "iv": 57.31, "instrument_name": "BTC-31MAR23-20000-C", "index_price": 21009.93, "direction": "buy", "amount": 0.2}, {"trade_seq": 3279, "trade_id": "244436671", "timestamp": 1678644087663, "tick_direction": 3, "price": 0.072, "mark_price": 0.07233439, "iv": 57.31, "instrument_name": "BTC-31MAR23-20000-C", "index_price": 21009.93, "direction": "buy", "amount": 0.2}, {"trade_seq": 3278, "trade_id": "244436669", "timestamp": 1678644087651, "tick_direction": 3, "price": 0.072, "mark_price": 0.07233439, "iv": 57.31, "instrument_name": "BTC-31MAR23-20000-C", "index_price": 21009.93, "direction": "buy", "amount": 0.3}, {"trade_seq": 3277, "trade_id": "244436662", "timestamp": 1678644084546, "tick_direction": 2, "price": 0.072, "mark_price": 0.07240157, "iv": 57.26, "instrument_name": "BTC-31MAR23-20000-C", "index_price": 21009.63, "direction": "buy", "amount": 1.2}, {"trade_seq": 3276, "trade_id": "244436378", "timestamp": 1678644026982, "tick_direction": 3, "price": 0.0725, "mark_price": 0.07305456, "iv": 56.82, "instrument_name": "BTC-31MAR23-20000-C", "index_price": 21039.82, "direction": "buy", "amount": 1.0}, {"trade_seq": 3275, "trade_id": "244436377", "timestamp": 1678644026982, "tick_direction": 2, "price": 0.0725, "mark_price": 0.07305456, "iv": 56.82, "instrument_name": "BTC-31MAR23-20000-C", "index_price": 21039.82, "direction": "buy", "amount": 3.1}, {"trade_seq": 3274, "trade_id": "244436301", "timestamp": 1678644015233, "tick_direction": 0, "price": 0.073, "mark_price": 0.07314401, "iv": 57.26, "instrument_name": "BTC-31MAR23-20000-C", "index_price": 21046.96, "direction": "buy", "amount": 4.6}, {"trade_seq": 3273, "trade_id": "244434736", "timestamp": 1678643605228, "tick_direction": 3, "price": 0.072, "mark_price": 0.07149803, "iv": 58.07, "instrument_name": "BTC-31MAR23-20000-C", "index_price": 20983.72, "direction": "buy", "amount": 0.4}, {"trade_seq": 3272, "trade_id": "244434735", "timestamp": 1678643605224, "tick_direction": 3, "price": 0.072, "mark_price": 0.07149803, "iv": 58.07, "instrument_name": "BTC-31MAR23-20000-C", "index_price": 20983.72, "direction": "buy", "amount": 0.2}, {"trade_seq": 3271, "trade_id": "244434734", "timestamp": 1678643605209, "tick_direction": 2, "price": 0.072, "mark_price": 0.07149803, "iv": 58.07, "instrument_name": "BTC-31MAR23-20000-C", "index_price": 20983.72, "direction": "buy", "amount": 1.2}, {"trade_seq": 3270, "trade_id": "244434672", "timestamp": 1678643598460, "tick_direction": 2, "price": 0.0725, "mark_price": 0.0717184, "iv": 58.43, "instrument_name": "BTC-31MAR23-20000-C", "index_price": 20988.47, "direction": "buy", "amount": 1.2}, {"trade_seq": 3269, "trade_id": "244434057", "timestamp": 1678643487733, "tick_direction": 1, "price": 0.0735, "mark_price": 0.07224815, "iv": 58.84, "instrument_name": "BTC-31MAR23-20000-C", "index_price": 21012.35, "direction": "sell", "amount": 1.2}, {"trade_seq": 3268, "trade_id": "244434053", "timestamp": 1678643487599, "tick_direction": 0, "price": 0.0735, "mark_price": 0.07224815, "iv": 58.84, "instrument_name": "BTC-31MAR23-20000-C", "index_price": 21012.35, "direction": "sell", "amount": 0.3}, {"trade_seq": 3267, "trade_id": "244433525", "timestamp": 1678643434755, "tick_direction": 0, "price": 0.073, "mark_price": 0.07212722, "iv": 59.3, "instrument_name": "BTC-31MAR23-20000-C", "index_price": 20977.56, "direction": "buy", "amount": 6.0}, {"trade_seq": 3266, "trade_id": "244433523", "timestamp": 1678643434578, "tick_direction": 0, "price": 0.0725, "mark_price": 0.07212722, "iv": 58.71, "instrument_name": "BTC-31MAR23-20000-C", "index_price": 20977.56, "direction": "sell", "amount": 4.0}, {"trade_seq": 3265, "trade_id": "244433448", "timestamp": 1678643426990, "tick_direction": 1, "price": 0.072, "mark_price": 0.07215315, "iv": 58.2, "instrument_name": "BTC-31MAR23-20000-C", "index_price": 20976.43, "direction": "sell", "amount": 2.2}, {"trade_seq": 3264, "trade_id": "244433345", "timestamp": 1678643423257, "tick_direction": 1, "price": 0.072, "mark_price": 0.07204192, "iv": 58.35, "instrument_name": "BTC-31MAR23-20000-C", "index_price": 20971.48, "direction": "sell", "amount": 0.7}, {"trade_seq": 3263, "trade_id": "244433343", "timestamp": 1678643423250, "tick_direction": 0, "price": 0.072, "mark_price": 0.07204192, "iv": 58.35, "instrument_name": "BTC-31MAR23-20000-C", "index_price": 20971.48, "direction": "sell", "amount": 6.0}, {"trade_seq": 3262, "trade_id": "244432957", "timestamp": 1678643404069, "tick_direction": 1, "price": 0.0715, "mark_price": 0.0721983, "iv": 57.83, "instrument_name": "BTC-31MAR23-20000-C", "index_price": 20973.1, "direction": "sell", "amount": 0.3}, {"trade_seq": 3261, "trade_id": "244432945", "timestamp": 1678643404055, "tick_direction": 0, "price": 0.0715, "mark_price": 0.0721983, "iv": 57.83, "instrument_name": "BTC-31MAR23-20000-C", "index_price": 20973.1, "direction": "sell", "amount": 3.6}, {"trade_seq": 3260, "trade_id": "244432467", "timestamp": 1678643390238, "tick_direction": 0, "price": 0.071, "mark_price": 0.07209254, "iv": 57.57, "instrument_name": "BTC-31MAR23-20000-C", "index_price": 20974.18, "direction": "sell", "amount": 5.7}, {"trade_seq": 3259, "trade_id": "244431681", "timestamp": 1678643321089, "tick_direction": 2, "price": 0.0685, "mark_price": 0.07266741, "iv": 53.64, "instrument_name": "BTC-31MAR23-20000-C", "index_price": 20986.93, "direction": "buy", "amount": 5.9}, {"trade_seq": 3258, "trade_id": "244431593", "timestamp": 1678643318656, "tick_direction": 3, "price": 0.0695, "mark_price": 0.07275825, "iv": 54.68, "instrument_name": "BTC-31MAR23-20000-C", "index_price": 20993.49, "direction": "buy", "amount": 1.9}, {"trade_seq": 3257, "trade_id": "244431592", "timestamp": 1678643318655, "tick_direction": 2, "price": 0.0695, "mark_price": 0.07275825, "iv": 54.68, "instrument_name": "BTC-31MAR23-20000-C", "index_price": 20993.49, "direction": "buy", "amount": 7.0}, {"trade_seq": 3256, "trade_id": "244431484", "timestamp": 1678643313584, "tick_direction": 2, "price": 0.07, "mark_price": 0.07286659, "iv": 54.95, "instrument_name": "BTC-31MAR23-20000-C", "index_price": 20999.96, "direction": "buy", "amount": 1.0}, {"trade_seq": 3255, "trade_id": "244431408", "timestamp": 1678643310308, "tick_direction": 0, "price": 0.0705, "mark_price": 0.07266914, "iv": 55.71, "instrument_name": "BTC-31MAR23-20000-C", "index_price": 20998.55, "direction": "buy", "amount": 1.0}, {"trade_seq": 3254, "trade_id": "244431346", "timestamp": 1678643306417, "tick_direction": 3, "price": 0.0695, "mark_price": 0.07280078, "iv": 54.3, "instrument_name": "BTC-31MAR23-20000-C", "index_price": 20996.59, "direction": "buy", "amount": 1.8}, {"trade_seq": 3253, "trade_id": "244431345", "timestamp": 1678643306236, "tick_direction": 3, "price": 0.0695, "mark_price": 0.07280078, "iv": 54.3, "instrument_name": "BTC-31MAR23-20000-C", "index_price": 20996.59, "direction": "buy", "amount": 0.6}, {"trade_seq": 3252, "trade_id": "244431343", "timestamp": 1678643306150, "tick_direction": 2, "price": 0.0695, "mark_price": 0.07280078, "iv": 54.3, "instrument_name": "BTC-31MAR23-20000-C", "index_price": 20996.59, "direction": "buy", "amount": 2.2}, {"trade_seq": 3251, "trade_id": "244431333", "timestamp": 1678643305875, "tick_direction": 3, "price": 0.07, "mark_price": 0.07280078, "iv": 54.89, "instrument_name": "BTC-31MAR23-20000-C", "index_price": 21003.24, "direction": "buy", "amount": 1.0}, {"trade_seq": 3250, "trade_id": "244431305", "timestamp": 1678643303876, "tick_direction": 2, "price": 0.07, "mark_price": 0.07272889, "iv": 54.92, "instrument_name": "BTC-31MAR23-20000-C", "index_price": 21003.66, "direction": "buy", "amount": 1.3}, {"trade_seq": 3249, "trade_id": "244431248", "timestamp": 1678643299802, "tick_direction": 0, "price": 0.0705, "mark_price": 0.0722358, "iv": 56.19, "instrument_name": "BTC-31MAR23-20000-C", "index_price": 20987.76, "direction": "buy", "amount": 0.5}, {"trade_seq": 3248, "trade_id": "244431109", "timestamp": 1678643296433, "tick_direction": 1, "price": 0.0695, "mark_price": 0.07184953, "iv": 55.23, "instrument_name": "BTC-31MAR23-20000-C", "index_price": 20976.7, "direction": "buy", "amount": 2.1}, {"trade_seq": 3247, "trade_id": "244431108", "timestamp": 1678643296418, "tick_direction": 0, "price": 0.0695, "mark_price": 0.07184953, "iv": 55.23, "instrument_name": "BTC-31MAR23-20000-C", "index_price": 20976.7, "direction": "buy", "amount": 0.5}, {"trade_seq": 3246, "trade_id": "244430894", "timestamp": 1678643293450, "tick_direction": 2, "price": 0.069, "mark_price": 0.07228228, "iv": 54.52, "instrument_name": "BTC-31MAR23-20000-C", "index_price": 20974.77, "direction": "buy", "amount": 7.7}, {"trade_seq": 3245, "trade_id": "244430770", "timestamp": 1678643291224, "tick_direction": 3, "price": 0.0705, "mark_price": 0.07234964, "iv": 55.77, "instrument_name": "BTC-31MAR23-20000-C", "index_price": 20987.67, "direction": "buy", "amount": 0.5}, {"trade_seq": 3244, "trade_id": "244430769", "timestamp": 1678643291205, "tick_direction": 3, "price": 0.0705, "mark_price": 0.07234964, "iv": 55.77, "instrument_name": "BTC-31MAR23-20000-C", "index_price": 20987.67, "direction": "buy", "amount": 0.8}, {"trade_seq": 3243, "trade_id": "244430720", "timestamp": 1678643289621, "tick_direction": 2, "price": 0.0705, "mark_price": 0.07230529, "iv": 55.79, "instrument_name": "BTC-31MAR23-20000-C", "index_price": 20989.6, "direction": "buy", "amount": 8.3}, {"trade_seq": 3242, "trade_id": "244430715", "timestamp": 1678643289558, "tick_direction": 2, "price": 0.071, "mark_price": 0.07248256, "iv": 56.38, "instrument_name": "BTC-31MAR23-20000-C", "index_price": 20989.6, "direction": "buy", "amount": 0.7}, {"trade_seq": 3241, "trade_id": "244430399", "timestamp": 1678643282238, "tick_direction": 0, "price": 0.0715, "mark_price": 0.07338065, "iv": 55.96, "instrument_name": "BTC-31MAR23-20000-C", "index_price": 21011.65, "direction": "buy", "amount": 5.7}, {"trade_seq": 3240, "trade_id": "244425880", "timestamp": 1678642588807, "tick_direction": 1, "price": 0.068, "mark_price": 0.06714538, "iv": 57.69, "instrument_name": "BTC-31MAR23-20000-C", "index_price": 20818.27, "direction": "sell", "amount": 0.8}, {"trade_seq": 3239, "trade_id": "244425857", "timestamp": 1678642586680, "tick_direction": 1, "price": 0.068, "mark_price": 0.06700895, "iv": 57.89, "instrument_name": "BTC-31MAR23-20000-C", "index_price": 20814.91, "direction": "sell", "amount": 2.0}, {"trade_seq": 3238, "trade_id": "244425780", "timestamp": 1678642579307, "tick_direction": 1, "price": 0.068, "mark_price": 0.06706686, "iv": 57.84, "instrument_name": "BTC-31MAR23-20000-C", "index_price": 20814.69, "direction": "sell", "amount": 0.5}, {"trade_seq": 3237, "trade_id": "244425766", "timestamp": 1678642576435, "tick_direction": 0, "price": 0.068, "mark_price": 0.0671233, "iv": 57.76, "instrument_name": "BTC-31MAR23-20000-C", "index_price": 20817.04, "direction": "sell", "amount": 3.4}, {"trade_seq": 3236, "trade_id": "244407580", "timestamp": 1678635504828, "tick_direction": 3, "price": 0.0615, "mark_price": 0.06158111, "iv": 56.32, "instrument_name": "BTC-31MAR23-20000-C", "index_price": 20609.65, "direction": "sell", "amount": 1.0}, {"trade_seq": 3235, "trade_id": "244406289", "timestamp": 1678634344022, "tick_direction": 2, "price": 0.0615, "mark_price": 0.06240006, "iv": 56.58, "instrument_name": "BTC-31MAR23-20000-C", "index_price": 20616.78, "direction": "buy", "amount": 2.8}, {"trade_seq": 3234, "trade_id": "244394584", "timestamp": 1678627092862, "tick_direction": 0, "price": 0.062, "mark_price": 0.0616049, "iv": 56.13, "instrument_name": "BTC-31MAR23-20000-C", "index_price": 20598.04, "direction": "buy", "amount": 0.1}, {"trade_seq": 3233, "trade_id": "244392388", "timestamp": 1678625165814, "tick_direction": 3, "price": 0.06, "mark_price": 0.06027679, "iv": 54.62, "instrument_name": "BTC-31MAR23-20000-C", "index_price": 20554.83, "direction": "buy", "amount": 1.0}, {"trade_seq": 3232, "trade_id": "244392387", "timestamp": 1678625165813, "tick_direction": 3, "price": 0.06, "mark_price": 0.06027679, "iv": 54.62, "instrument_name": "BTC-31MAR23-20000-C", "index_price": 20554.83, "direction": "buy", "amount": 5.9}, {"trade_seq": 3231, "trade_id": "244392374", "timestamp": 1678625165114, "tick_direction": 3, "price": 0.06, "mark_price": 0.06027679, "iv": 54.62, "instrument_name": "BTC-31MAR23-20000-C", "index_price": 20554.83, "direction": "buy", "amount": 0.1}, {"trade_seq": 3230, "trade_id": "244392266", "timestamp": 1678625061767, "tick_direction": 2, "price": 0.06, "mark_price": 0.06023325, "iv": 54.64, "instrument_name": "BTC-31MAR23-20000-C", "index_price": 20553.87, "direction": "buy", "amount": 0.1}, {"trade_seq": 3229, "trade_id": "244386399", "timestamp": 1678618508277, "tick_direction": 0, "price": 0.0605, "mark_price": 0.06025046, "iv": 53.96, "instrument_name": "BTC-31MAR23-20000-C", "index_price": 20572.39, "direction": "sell", "amount": 0.1}, {"trade_seq": 3228, "trade_id": "244380940", "timestamp": 1678613345014, "tick_direction": 2, "price": 0.059, "mark_price": 0.05968958, "iv": 53.06, "instrument_name": "BTC-31MAR23-20000-C", "index_price": 20559.7, "direction": "sell", "amount": 3.9}, {"trade_seq": 3227, "trade_id": "244380925", "timestamp": 1678613343095, "tick_direction": 0, "price": 0.0595, "mark_price": 0.05968021, "iv": 53.64, "instrument_name": "BTC-31MAR23-20000-C", "index_price": 20559.94, "direction": "sell", "amount": 1.0}, {"trade_seq": 3226, "trade_id": "244360485", "timestamp": 1678607284715, "tick_direction": 2, "price": 0.0575, "mark_price": 0.05743913, "iv": 53.51, "instrument_name": "BTC-31MAR23-20000-C", "index_price": 20469.26, "direction": "sell", "amount": 9.8}, {"trade_seq": 3225, "trade_id": "244348396", "timestamp": 1678602434484, "tick_direction": 1, "price": 0.0595, "mark_price": 0.05843165, "iv": 55.09, "instrument_name": "BTC-31MAR23-20000-C", "index_price": 20588.7, "direction": "buy", "amount": 6.0}, {"trade_seq": 3224, "trade_id": "244348395", "timestamp": 1678602434484, "tick_direction": 0, "price": 0.0595, "mark_price": 0.05843165, "iv": 55.09, "instrument_name": "BTC-31MAR23-20000-C", "index_price": 20588.7, "direction": "buy", "amount": 2.5}, {"trade_seq": 3223, "trade_id": "244348386", "timestamp": 1678602433842, "tick_direction": 0, "price": 0.059, "mark_price": 0.05843469, "iv": 54.53, "instrument_name": "BTC-31MAR23-20000-C", "index_price": 20588.7, "direction": "sell", "amount": 19.4}, {"trade_seq": 3222, "trade_id": "244347496", "timestamp": 1678601661526, "tick_direction": 2, "price": 0.0575, "mark_price": 0.05823829, "iv": 53.12, "instrument_name": "BTC-31MAR23-20000-C", "index_price": 20593.94, "direction": "buy", "amount": 9.7}, {"trade_seq": 3221, "trade_id": "244347438", "timestamp": 1678601657870, "tick_direction": 2, "price": 0.0585, "mark_price": 0.05822606, "iv": 54.25, "instrument_name": "BTC-31MAR23-20000-C", "index_price": 20593.18, "direction": "sell", "amount": 7.4}, {"trade_seq": 3220, "trade_id": "244343597", "timestamp": 1678598644635, "tick_direction": 2, "price": 0.059, "mark_price": 0.06053034, "iv": 53.01, "instrument_name": "BTC-31MAR23-20000-C", "index_price": 20655.75, "direction": "buy", "amount": 1.2}, {"trade_seq": 3219, "trade_id": "244343253", "timestamp": 1678598531098, "tick_direction": 1, "price": 0.0595, "mark_price": 0.06072085, "iv": 53.13, "instrument_name": "BTC-31MAR23-20000-C", "index_price": 20676.85, "direction": "buy", "amount": 3.5}, {"trade_seq": 3218, "trade_id": "244343119", "timestamp": 1678598462050, "tick_direction": 0, "price": 0.0595, "mark_price": 0.06057803, "iv": 53.1, "instrument_name": "BTC-31MAR23-20000-C", "index_price": 20677.59, "direction": "buy", "amount": 1.6}, {"trade_seq": 3217, "trade_id": "244343005", "timestamp": 1678598403110, "tick_direction": 2, "price": 0.059, "mark_price": 0.06048008, "iv": 52.67, "instrument_name": "BTC-31MAR23-20000-C", "index_price": 20672.49, "direction": "buy", "amount": 6.1}, {"trade_seq": 3216, "trade_id": "244342832", "timestamp": 1678598282422, "tick_direction": 2, "price": 0.0595, "mark_price": 0.06075036, "iv": 52.76, "instrument_name": "BTC-31MAR23-20000-C", "index_price": 20682.79, "direction": "buy", "amount": 2.0}, {"trade_seq": 3215, "trade_id": "244342720", "timestamp": 1678598204881, "tick_direction": 1, "price": 0.06, "mark_price": 0.06057535, "iv": 53.31, "instrument_name": "BTC-31MAR23-20000-C", "index_price": 20680.24, "direction": "buy", "amount": 2.1}, {"trade_seq": 3214, "trade_id": "244342708", "timestamp": 1678598195463, "tick_direction": 1, "price": 0.06, "mark_price": 0.06041356, "iv": 53.36, "instrument_name": "BTC-31MAR23-20000-C", "index_price": 20679.52, "direction": "buy", "amount": 2.4}, {"trade_seq": 3213, "trade_id": "244342707", "timestamp": 1678598195463, "tick_direction": 0, "price": 0.06, "mark_price": 0.06041356, "iv": 53.36, "instrument_name": "BTC-31MAR23-20000-C", "index_price": 20679.52, "direction": "buy", "amount": 3.5}, {"trade_seq": 3212, "trade_id": "244342151", "timestamp": 1678597981568, "tick_direction": 2, "price": 0.0595, "mark_price": 0.06052488, "iv": 53.2, "instrument_name": "BTC-31MAR23-20000-C", "index_price": 20668.92, "direction": "buy", "amount": 2.2}, {"trade_seq": 3211, "trade_id": "244342147", "timestamp": 1678597979351, "tick_direction": 0, "price": 0.06, "mark_price": 0.06053452, "iv": 53.74, "instrument_name": "BTC-31MAR23-20000-C", "index_price": 20669.78, "direction": "buy", "amount": 2.5}, {"trade_seq": 3210, "trade_id": "244341788", "timestamp": 1678597897673, "tick_direction": 2, "price": 0.0595, "mark_price": 0.0613626, "iv": 52.53, "instrument_name": "BTC-31MAR23-20000-C", "index_price": 20682.14, "direction": "buy", "amount": 12.0}, {"trade_seq": 3209, "trade_id": "244341618", "timestamp": 1678597840158, "tick_direction": 3, "price": 0.06, "mark_price": 0.06137773, "iv": 53.01, "instrument_name": "BTC-31MAR23-20000-C", "index_price": 20679.72, "direction": "buy", "amount": 0.4}, {"trade_seq": 3208, "trade_id": "244341555", "timestamp": 1678597836484, "tick_direction": 3, "price": 0.06, "mark_price": 0.0614815, "iv": 52.94, "instrument_name": "BTC-31MAR23-20000-C", "index_price": 20681.92, "direction": "buy", "amount": 2.0}, {"trade_seq": 3207, "trade_id": "244341478", "timestamp": 1678597826731, "tick_direction": 2, "price": 0.06, "mark_price": 0.06147986, "iv": 52.92, "instrument_name": "BTC-31MAR23-20000-C", "index_price": 20682.52, "direction": "buy", "amount": 5.1}, {"trade_seq": 3206, "trade_id": "244341445", "timestamp": 1678597814837, "tick_direction": 0, "price": 0.0605, "mark_price": 0.06142895, "iv": 53.56, "instrument_name": "BTC-31MAR23-20000-C", "index_price": 20680.99, "direction": "buy", "amount": 0.5}, {"trade_seq": 3205, "trade_id": "244341359", "timestamp": 1678597788718, "tick_direction": 1, "price": 0.06, "mark_price": 0.06131619, "iv": 53.12, "instrument_name": "BTC-31MAR23-20000-C", "index_price": 20672.7, "direction": "buy", "amount": 2.8}, {"trade_seq": 3204, "trade_id": "244341349", "timestamp": 1678597784020, "tick_direction": 1, "price": 0.06, "mark_price": 0.06127509, "iv": 53.13, "instrument_name": "BTC-31MAR23-20000-C", "index_price": 20672.55, "direction": "buy", "amount": 2.2}, {"trade_seq": 3203, "trade_id": "244341318", "timestamp": 1678597778980, "tick_direction": 1, "price": 0.06, "mark_price": 0.06111298, "iv": 53.3, "instrument_name": "BTC-31MAR23-20000-C", "index_price": 20666.94, "direction": "buy", "amount": 0.7}, {"trade_seq": 3202, "trade_id": "244340728", "timestamp": 1678597616745, "tick_direction": 1, "price": 0.06, "mark_price": 0.0614154, "iv": 53.08, "instrument_name": "BTC-31MAR23-20000-C", "index_price": 20657.14, "direction": "buy", "amount": 1.1}, {"trade_seq": 3201, "trade_id": "244340357", "timestamp": 1678597514230, "tick_direction": 0, "price": 0.06, "mark_price": 0.06108569, "iv": 53.19, "instrument_name": "BTC-31MAR23-20000-C", "index_price": 20649.16, "direction": "buy", "amount": 0.1}, {"trade_seq": 3200, "trade_id": "244330579", "timestamp": 1678589997816, "tick_direction": 2, "price": 0.0585, "mark_price": 0.05838599, "iv": 53.85, "instrument_name": "BTC-31MAR23-20000-C", "index_price": 20549.53, "direction": "buy", "amount": 2.0}, {"trade_seq": 3199, "trade_id": "244318207", "timestamp": 1678580032872, "tick_direction": 2, "price": 0.0595, "mark_price": 0.05956204, "iv": 54.66, "instrument_name": "BTC-31MAR23-20000-C", "index_price": 20518.16, "direction": "sell", "amount": 6.0}