{"trades": [{"trade_seq": 32, "trade_id": "2969874", "timestamp": 1513717928790, "tick_direction": 2, "price": 0.8839, "mark_price": 0.88751406, "iv": 0.0, "instrument_name": "BTC-29DEC17-2000-C", "index_price": 17448.72, "direction": "buy", "amount": 2.5}, {"trade_seq": 31, "trade_id": "2850845", "timestamp": 1513557252187, "tick_direction": 0, "price": 0.8915, "mark_price": 0.89247312, "iv": 0.0, "instrument_name": "BTC-29DEC17-2000-C", "index_price": 18620.9, "direction": "sell", "amount": 1.0}, {"trade_seq": 30, "trade_id": "2617377", "timestamp": 1513112528117, "tick_direction": 0, "price": 0.8851, "mark_price": 0.8894908, "iv": 0.0, "instrument_name": "BTC-29DEC17-2000-C", "index_price": 17230.26, "direction": "sell", "amount": 1.0}, {"trade_seq": 29, "trade_id": "2179857", "timestamp": 1512645768521, "tick_direction": 0, "price": 0.8778, "mark_price": 0.86404325, "iv": 500.0, "instrument_name": "BTC-29DEC17-2000-C", "index_price": 14883.49, "direction": "buy", "amount": 0.2}, {"trade_seq": 28, "trade_id": "2132718", "timestamp": 1512590913882, "tick_direction": 0, "price": 0.8478, "mark_price": 0.8490566, "iv": 0.0, "instrument_name": "BTC-29DEC17-2000-C", "index_price": 13130.5, "direction": "sell", "amount": 0.1}, {"trade_seq": 27, "trade_id": "1778814", "timestamp": 1511968646879, "tick_direction": 2, "price": 0.8207, "mark_price": 0.82430649, "iv": 0.0, "instrument_name": "BTC-29DEC17-2000-C", "index_price": 11144.96, "direction": "buy", "amount": 0.5}, {"trade_seq": 26, "trade_id": "1778804", "timestamp": 1511968646269, "tick_direction": 0, "price": 0.8208, "mark_price": 0.82430649, "iv": 0.0, "instrument_name": "BTC-29DEC17-2000-C", "index_price": 11183.95, "direction": "sell", "amount": 2.0}, {"trade_seq": 25, "trade_id": "1443752", "timestamp": 1510706781384, "tick_direction": 0, "price": 0.7119, "mark_price": 0.70544584, "iv": 204.3, "instrument_name": "BTC-29DEC17-2000-C", "index_price": 6763.96, "direction": "buy", "amount": 2.5}, {"trade_seq": 24, "trade_id": "1383294", "timestamp": 1510521032969, "tick_direction": 2, "price": 0.6535, "mark_price": null, "iv": 0.0, "instrument_name": "BTC-29DEC17-2000-C", "index_price": 5864.12, "direction": "sell", "amount": 2.5}, {"trade_seq": 23, "trade_id": "1179109", "timestamp": 1509645580696, "tick_direction": 0, "price": 0.7076, "mark_price": null, "iv": 0.0, "instrument_name": "BTC-29DEC17-2000-C", "index_price": 6997.31, "direction": "buy", "amount": 0.1}, {"trade_seq": 22, "trade_id": "1156530", "timestamp": 1509531359501, "tick_direction": 2, "price": 0.6785, "mark_price": null, "iv": 0.0, "instrument_name": "BTC-29DEC17-2000-C", "index_price": 6531.74, "direction": "sell", "amount": 0.1}, {"trade_seq": 21, "trade_id": "1155949", "timestamp": 1509528928119, "tick_direction": 2, "price": 0.6788, "mark_price": null, "iv": 0.0, "instrument_name": "BTC-29DEC17-2000-C", "index_price": 6523.67, "direction": "sell", "amount": 0.1}, {"trade_seq": 20, "trade_id": "901404", "timestamp": 1507862050199, "tick_direction": 0, "price": 0.6858, "mark_price": null, "iv": 210.13, "instrument_name": "BTC-29DEC17-2000-C", "index_price": 5678.99, "direction": "sell", "amount": 3.0}, {"trade_seq": 19, "trade_id": "879903", "timestamp": 1507769457262, "tick_direction": 1, "price": 0.6046, "mark_price": null, "iv": 145.66, "instrument_name": "BTC-29DEC17-2000-C", "index_price": 4829.35, "direction": "buy", "amount": 1.3}, {"trade_seq": 18, "trade_id": "879902", "timestamp": 1507769457262, "tick_direction": 0, "price": 0.6046, "mark_price": null, "iv": 145.66, "instrument_name": "BTC-29DEC17-2000-C", "index_price": 4829.35, "direction": "buy", "amount": 3.0}, {"trade_seq": 17, "trade_id": "879901", "timestamp": 1507769447315, "tick_direction": 0, "price": 0.6044, "mark_price": null, "iv": 145.35, "instrument_name": "BTC-29DEC17-2000-C", "index_price": 4828.67, "direction": "buy", "amount": 1.3}, {"trade_seq": 16, "trade_id": "863599", "timestamp": 1507598113538, "tick_direction": 2, "price": 0.5927, "mark_price": null, "iv": 110.26, "instrument_name": "BTC-29DEC17-2000-C", "index_price": 4841.56, "direction": "sell", "amount": 0.5}, {"trade_seq": 15, "trade_id": "863591", "timestamp": 1507598093048, "tick_direction": 3, "price": 0.5928, "mark_price": null, "iv": 110.64, "instrument_name": "BTC-29DEC17-2000-C", "index_price": 4841.54, "direction": "sell", "amount": 1.3}, {"trade_seq": 14, "trade_id": "863584", "timestamp": 1507598075098, "tick_direction": 3, "price": 0.5928, "mark_price": null, "iv": 110.37, "instrument_name": "BTC-29DEC17-2000-C", "index_price": 4842.45, "direction": "sell", "amount": 1.3}, {"trade_seq": 13, "trade_id": "863573", "timestamp": 1507598023227, "tick_direction": 2, "price": 0.5928, "mark_price": null, "iv": 110.38, "instrument_name": "BTC-29DEC17-2000-C", "index_price": 4842.43, "direction": "sell", "amount": 1.3}, {"trade_seq": 12, "trade_id": "863444", "timestamp": 1507597366723, "tick_direction": 0, "price": 0.5935, "mark_price": null, "iv": 111.32, "instrument_name": "BTC-29DEC17-2000-C", "index_price": 4848.04, "direction": "sell", "amount": 1.3}, {"trade_seq": 11, "trade_id": "863109", "timestamp": 1507596103706, "tick_direction": 1, "price": 0.5876, "mark_price": null, "iv": 100.39, "instrument_name": "BTC-29DEC17-2000-C", "index_price": 4807.45, "direction": "sell", "amount": 3.0}, {"trade_seq": 10, "trade_id": "863108", "timestamp": 1507596103706, "tick_direction": 0, "price": 0.5876, "mark_price": null, "iv": 100.39, "instrument_name": "BTC-29DEC17-2000-C", "index_price": 4807.45, "direction": "sell", "amount": 1.3}, {"trade_seq": 9, "trade_id": "835685", "timestamp": 1507137686456, "tick_direction": 3, "price": 0.531, "mark_price": null, "iv": 94.26, "instrument_name": "BTC-29DEC17-2000-C", "index_price": 4204.08, "direction": "buy", "amount": 5.0}, {"trade_seq": 8, "trade_id": "835625", "timestamp": 1507135157687, "tick_direction": 2, "price": 0.531, "mark_price": null, "iv": 95.37, "instrument_name": "BTC-29DEC17-2000-C", "index_price": 4200.27, "direction": "buy", "amount": 3.2}, {"trade_seq": 7, "trade_id": "827830", "timestamp": 1507011342772, "tick_direction": 2, "price": 0.5491, "mark_price": null, "iv": 116.19, "instrument_name": "BTC-29DEC17-2000-C", "index_price": 4286.94, "direction": "sell", "amount": 0.6}, {"trade_seq": 6, "trade_id": "823607", "timestamp": 1506933594891, "tick_direction": 3, "price": 0.5578, "mark_price": null, "iv": 105.49, "instrument_name": "BTC-29DEC17-2000-C", "index_price": 4431.01, "direction": "sell", "amount": 1.0}, {"trade_seq": 5, "trade_id": "823593", "timestamp": 1506933480102, "tick_direction": 2, "price": 0.5578, "mark_price": null, "iv": 105.97, "instrument_name": "BTC-29DEC17-2000-C", "index_price": 4428.96, "direction": "sell", "amount": 0.6}, {"trade_seq": 4, "trade_id": "514354", "timestamp": 1503696475807, "tick_direction": 0, "price": 0.5811, "mark_price": null, "iv": 131.18, "instrument_name": "BTC-29DEC17-2000-C", "index_price": 4353.07, "direction": "buy", "amount": 1.0}, {"trade_seq": 3, "trade_id": "514353", "timestamp": 1503696415708, "tick_direction": 0, "price": 0.5807, "mark_price": null, "iv": 131.03, "instrument_name": "BTC-29DEC17-2000-C", "index_price": 4349.6, "direction": "buy", "amount": 0.4}, {"trade_seq": 2, "trade_id": "514346", "timestamp": 1503696192003, "tick_direction": 0, "price": 0.5803, "mark_price": null, "iv": 130.09, "instrument_name": "BTC-29DEC17-2000-C", "index_price": 4355.07, "direction": "buy", "amount": 0.4}, {"trade_seq": 1, "trade_id": "374464", "timestamp": 1502519673343, "tick_direction": 1, "price": 0.4819, "mark_price": null, "iv": 84.11, "instrument_name": "BTC-29DEC17-2000-C", "index_price": 3707.1, "direction": "buy", "amount": 1.0}], "has_more": false}