{"trades": [{"trade_seq": 2512, "trade_id": "237548920", "timestamp": 1670767834211, "tick_direction": 3, "price": 0.0005, "mark_price": 9e-07, "iv": 193.55, "instrument_name": "BTC-30DEC22-60000-C", "index_price": 17149.27, "direction": "buy", "amount": 0.4}, {"trade_seq": 2511, "trade_id": "237548919", "timestamp": 1670767834211, "tick_direction": 3, "price": 0.0005, "mark_price": 9e-07, "iv": 193.55, "instrument_name": "BTC-30DEC22-60000-C", "index_price": 17149.27, "direction": "buy", "amount": 0.1}, {"trade_seq": 2510, "trade_id": "236533274", "timestamp": 1669101126634, "tick_direction": 3, "price": 0.0005, "mark_price": 0.00011683, "iv": 144.71, "instrument_name": "BTC-30DEC22-60000-C", "index_price": 15679.66, "direction": "buy", "amount": 0.1}, {"trade_seq": 2509, "trade_id": "236253030", "timestamp": 1668707655472, "tick_direction": 3, "price": 0.0005, "mark_price": 0.00037161, "iv": 131.74, "instrument_name": "BTC-30DEC22-60000-C", "index_price": 16645.14, "direction": "buy", "amount": 0.3}, {"trade_seq": 2508, "trade_id": "236203444", "timestamp": 1668652883433, "tick_direction": 3, "price": 0.0005, "mark_price": 0.00040613, "iv": 130.69, "instrument_name": "BTC-30DEC22-60000-C", "index_price": 16665.26, "direction": "sell", "amount": 2.0}, {"trade_seq": 2507, "trade_id": "236098271", "timestamp": 1668573682176, "tick_direction": 3, "price": 0.0005, "mark_price": 0.00046397, "iv": 128.19, "instrument_name": "BTC-30DEC22-60000-C", "index_price": 16895.03, "direction": "buy", "amount": 4.0}, {"trade_seq": 2506, "trade_id": "235653148", "timestamp": 1668269538829, "tick_direction": 2, "price": 0.0005, "mark_price": 0.00089232, "iv": 123.06, "instrument_name": "BTC-30DEC22-60000-C", "index_price": 16901.71, "direction": "sell", "amount": 2.0}, {"trade_seq": 2505, "trade_id": "234954859", "timestamp": 1668067165860, "tick_direction": 0, "price": 0.001, "mark_price": 4.559e-05, "iv": 129.77, "instrument_name": "BTC-30DEC22-60000-C", "index_price": 16711.0, "direction": "buy", "amount": 0.9}, {"trade_seq": 2504, "trade_id": "234278576", "timestamp": 1667944230962, "tick_direction": 3, "price": 0.0005, "mark_price": 6.532e-05, "iv": 110.28, "instrument_name": "BTC-30DEC22-60000-C", "index_price": 18579.23, "direction": "buy", "amount": 1.0}, {"trade_seq": 2503, "trade_id": "234233856", "timestamp": 1667937845828, "tick_direction": 3, "price": 0.0005, "mark_price": 6e-05, "iv": 110.93, "instrument_name": "BTC-30DEC22-60000-C", "index_price": 18414.8, "direction": "buy", "amount": 2.0}, {"trade_seq": 2502, "trade_id": "233914800", "timestamp": 1667878059411, "tick_direction": 3, "price": 0.0005, "mark_price": 0.00011633, "iv": 101.86, "instrument_name": "BTC-30DEC22-60000-C", "index_price": 20384.27, "direction": "buy", "block_trade_id": "55096", "amount": 24.4}, {"trade_seq": 2501, "trade_id": "233270229", "timestamp": 1667221390998, "tick_direction": 3, "price": 0.0005, "mark_price": 0.00030198, "iv": 94.03, "instrument_name": "BTC-30DEC22-60000-C", "index_price": 20700.45, "direction": "sell", "amount": 9.0}, {"trade_seq": 2500, "trade_id": "233270228", "timestamp": 1667221390991, "tick_direction": 3, "price": 0.0005, "mark_price": 0.00030198, "iv": 94.03, "instrument_name": "BTC-30DEC22-60000-C", "index_price": 20700.45, "direction": "buy", "amount": 3.0}, {"trade_seq": 2499, "trade_id": "232913233", "timestamp": 1666821158717, "tick_direction": 3, "price": 0.0005, "mark_price": 0.00037917, "iv": 90.42, "instrument_name": "BTC-30DEC22-60000-C", "index_price": 20754.26, "direction": "buy", "amount": 0.1}, {"trade_seq": 2498, "trade_id": "232742661", "timestamp": 1666730362250, "tick_direction": 3, "price": 0.0005, "mark_price": 0.0002858, "iv": 92.01, "instrument_name": "BTC-30DEC22-60000-C", "index_price": 20094.61, "direction": "sell", "amount": 0.1}, {"trade_seq": 2497, "trade_id": "232645784", "timestamp": 1666695715103, "tick_direction": 3, "price": 0.0005, "mark_price": 0.00017462, "iv": 94.79, "instrument_name": "BTC-30DEC22-60000-C", "index_price": 19290.74, "direction": "buy", "amount": 10.0}, {"trade_seq": 2496, "trade_id": "232645783", "timestamp": 1666695713060, "tick_direction": 3, "price": 0.0005, "mark_price": 0.00017462, "iv": 94.79, "instrument_name": "BTC-30DEC22-60000-C", "index_price": 19291.16, "direction": "buy", "amount": 10.0}, {"trade_seq": 2495, "trade_id": "232645774", "timestamp": 1666695710010, "tick_direction": 3, "price": 0.0005, "mark_price": 0.00017482, "iv": 94.78, "instrument_name": "BTC-30DEC22-60000-C", "index_price": 19293.33, "direction": "buy", "amount": 10.0}, {"trade_seq": 2494, "trade_id": "232645772", "timestamp": 1666695707742, "tick_direction": 3, "price": 0.0005, "mark_price": 0.00017483, "iv": 94.78, "instrument_name": "BTC-30DEC22-60000-C", "index_price": 19293.42, "direction": "buy", "amount": 10.0}, {"trade_seq": 2493, "trade_id": "232645771", "timestamp": 1666695705681, "tick_direction": 3, "price": 0.0005, "mark_price": 0.00017486, "iv": 94.78, "instrument_name": "BTC-30DEC22-60000-C", "index_price": 19293.3, "direction": "buy", "amount": 10.0}, {"trade_seq": 2492, "trade_id": "232645770", "timestamp": 1666695702268, "tick_direction": 3, "price": 0.0005, "mark_price": 0.00017487, "iv": 94.78, "instrument_name": "BTC-30DEC22-60000-C", "index_price": 19293.32, "direction": "buy", "amount": 10.0}, {"trade_seq": 2491, "trade_id": "232645769", "timestamp": 1666695700107, "tick_direction": 3, "price": 0.0005, "mark_price": 0.00017491, "iv": 94.78, "instrument_name": "BTC-30DEC22-60000-C", "index_price": 19293.45, "direction": "buy", "amount": 10.0}, {"trade_seq": 2490, "trade_id": "232645768", "timestamp": 1666695698746, "tick_direction": 3, "price": 0.0005, "mark_price": 0.00017496, "iv": 94.78, "instrument_name": "BTC-30DEC22-60000-C", "index_price": 19293.5, "direction": "buy", "amount": 6.0}, {"trade_seq": 2489, "trade_id": "232645767", "timestamp": 1666695698746, "tick_direction": 3, "price": 0.0005, "mark_price": 0.00017496, "iv": 94.78, "instrument_name": "BTC-30DEC22-60000-C", "index_price": 19293.5, "direction": "buy", "amount": 21.8}, {"trade_seq": 2488, "trade_id": "232645763", "timestamp": 1666695698690, "tick_direction": 3, "price": 0.0005, "mark_price": 0.00017496, "iv": 94.78, "instrument_name": "BTC-30DEC22-60000-C", "index_price": 19293.5, "direction": "buy", "amount": 10.0}, {"trade_seq": 2487, "trade_id": "232645762", "timestamp": 1666695698690, "tick_direction": 3, "price": 0.0005, "mark_price": 0.00017496, "iv": 94.78, "instrument_name": "BTC-30DEC22-60000-C", "index_price": 19293.5, "direction": "buy", "amount": 0.1}, {"trade_seq": 2486, "trade_id": "232593846", "timestamp": 1666608964291, "tick_direction": 3, "price": 0.0005, "mark_price": 0.00020145, "iv": 93.64, "instrument_name": "BTC-30DEC22-60000-C", "index_price": 19398.76, "direction": "buy", "amount": 9.9}, {"trade_seq": 2485, "trade_id": "232593845", "timestamp": 1666608964291, "tick_direction": 3, "price": 0.0005, "mark_price": 0.00020145, "iv": 93.64, "instrument_name": "BTC-30DEC22-60000-C", "index_price": 19398.76, "direction": "buy", "amount": 0.1}, {"trade_seq": 2484, "trade_id": "232147449", "timestamp": 1665976066646, "tick_direction": 3, "price": 0.0005, "mark_price": 0.0003203, "iv": 89.72, "instrument_name": "BTC-30DEC22-60000-C", "index_price": 19177.0, "direction": "buy", "amount": 3.0}, {"trade_seq": 2483, "trade_id": "231759951", "timestamp": 1665564201802, "tick_direction": 3, "price": 0.0005, "mark_price": 0.00071733, "iv": 87.14, "instrument_name": "BTC-30DEC22-60000-C", "index_price": 19123.35, "direction": "sell", "amount": 6.0}, {"trade_seq": 2482, "trade_id": "231759950", "timestamp": 1665564201802, "tick_direction": 3, "price": 0.0005, "mark_price": 0.00071733, "iv": 87.14, "instrument_name": "BTC-30DEC22-60000-C", "index_price": 19123.35, "direction": "sell", "amount": 3.4}, {"trade_seq": 2481, "trade_id": "231759949", "timestamp": 1665564201800, "tick_direction": 3, "price": 0.0005, "mark_price": 0.00071733, "iv": 87.14, "instrument_name": "BTC-30DEC22-60000-C", "index_price": 19123.35, "direction": "sell", "amount": 10.0}, {"trade_seq": 2480, "trade_id": "231654723", "timestamp": 1665444263616, "tick_direction": 3, "price": 0.0005, "mark_price": 0.00071948, "iv": 86.17, "instrument_name": "BTC-30DEC22-60000-C", "index_price": 19186.77, "direction": "sell", "amount": 6.6}, {"trade_seq": 2479, "trade_id": "231491213", "timestamp": 1665227460842, "tick_direction": 3, "price": 0.0005, "mark_price": 0.00062739, "iv": 83.84, "instrument_name": "BTC-30DEC22-60000-C", "index_price": 19502.4, "direction": "buy", "amount": 0.9}, {"trade_seq": 2478, "trade_id": "231491212", "timestamp": 1665227460841, "tick_direction": 3, "price": 0.0005, "mark_price": 0.00062739, "iv": 83.84, "instrument_name": "BTC-30DEC22-60000-C", "index_price": 19502.4, "direction": "sell", "amount": 0.1}, {"trade_seq": 2477, "trade_id": "231061130", "timestamp": 1664865404309, "tick_direction": 3, "price": 0.0005, "mark_price": 0.00089406, "iv": 80.76, "instrument_name": "BTC-30DEC22-60000-C", "index_price": 19794.8, "direction": "sell", "amount": 19.4}, {"trade_seq": 2476, "trade_id": "231061129", "timestamp": 1664865404309, "tick_direction": 3, "price": 0.0005, "mark_price": 0.00089406, "iv": 80.76, "instrument_name": "BTC-30DEC22-60000-C", "index_price": 19794.8, "direction": "sell", "amount": 0.9}, {"trade_seq": 2475, "trade_id": "231061128", "timestamp": 1664865404309, "tick_direction": 2, "price": 0.0005, "mark_price": 0.00089406, "iv": 80.76, "instrument_name": "BTC-30DEC22-60000-C", "index_price": 19794.8, "direction": "sell", "amount": 4.7}, {"trade_seq": 2474, "trade_id": "230959114", "timestamp": 1664763720015, "tick_direction": 0, "price": 0.0015, "mark_price": 0.00089182, "iv": 92.27, "instrument_name": "BTC-30DEC22-60000-C", "index_price": 19155.37, "direction": "buy", "amount": 3.0}, {"trade_seq": 2473, "trade_id": "230914791", "timestamp": 1664718906468, "tick_direction": 3, "price": 0.0005, "mark_price": 0.00090712, "iv": 81.95, "instrument_name": "BTC-30DEC22-60000-C", "index_price": 19169.28, "direction": "sell", "amount": 0.1}, {"trade_seq": 2472, "trade_id": "230743842", "timestamp": 1664533986772, "tick_direction": 3, "price": 0.0005, "mark_price": 0.00089576, "iv": 80.01, "instrument_name": "BTC-30DEC22-60000-C", "index_price": 19504.19, "direction": "sell", "amount": 0.2}, {"trade_seq": 2471, "trade_id": "230728995", "timestamp": 1664524912224, "tick_direction": 3, "price": 0.0005, "mark_price": 0.00090473, "iv": 79.69, "instrument_name": "BTC-30DEC22-60000-C", "index_price": 19600.21, "direction": "sell", "amount": 0.1}, {"trade_seq": 2470, "trade_id": "230728508", "timestamp": 1664524816259, "tick_direction": 2, "price": 0.0005, "mark_price": 0.00089587, "iv": 79.76, "instrument_name": "BTC-30DEC22-60000-C", "index_price": 19576.11, "direction": "sell", "amount": 0.1}, {"trade_seq": 2469, "trade_id": "230588480", "timestamp": 1664415351398, "tick_direction": 3, "price": 0.001, "mark_price": 0.00092916, "iv": 84.88, "instrument_name": "BTC-30DEC22-60000-C", "index_price": 19595.56, "direction": "sell", "amount": 5.9}, {"trade_seq": 2468, "trade_id": "230092853", "timestamp": 1664014636073, "tick_direction": 3, "price": 0.001, "mark_price": 0.00150359, "iv": 84.69, "instrument_name": "BTC-30DEC22-60000-C", "index_price": 19022.06, "direction": "sell", "amount": 9.5}, {"trade_seq": 2467, "trade_id": "230092852", "timestamp": 1664014636036, "tick_direction": 3, "price": 0.001, "mark_price": 0.00150359, "iv": 84.69, "instrument_name": "BTC-30DEC22-60000-C", "index_price": 19022.06, "direction": "sell", "amount": 0.5}, {"trade_seq": 2466, "trade_id": "229843384", "timestamp": 1663798181804, "tick_direction": 3, "price": 0.001, "mark_price": 0.00133847, "iv": 85.72, "instrument_name": "BTC-30DEC22-60000-C", "index_price": 18375.74, "direction": "buy", "amount": 0.4}, {"trade_seq": 2465, "trade_id": "229843383", "timestamp": 1663798181800, "tick_direction": 3, "price": 0.001, "mark_price": 0.00133847, "iv": 85.72, "instrument_name": "BTC-30DEC22-60000-C", "index_price": 18375.74, "direction": "sell", "amount": 0.8}, {"trade_seq": 2464, "trade_id": "229843382", "timestamp": 1663798181800, "tick_direction": 3, "price": 0.001, "mark_price": 0.00133847, "iv": 85.72, "instrument_name": "BTC-30DEC22-60000-C", "index_price": 18375.74, "direction": "sell", "amount": 0.8}, {"trade_seq": 2463, "trade_id": "229465724", "timestamp": 1663566481026, "tick_direction": 3, "price": 0.001, "mark_price": 0.00143226, "iv": 83.4, "instrument_name": "BTC-30DEC22-60000-C", "index_price": 18757.92, "direction": "buy", "amount": 0.1}, {"trade_seq": 2462, "trade_id": "229465723", "timestamp": 1663566481023, "tick_direction": 3, "price": 0.001, "mark_price": 0.00143226, "iv": 83.4, "instrument_name": "BTC-30DEC22-60000-C", "index_price": 18757.92, "direction": "sell", "amount": 3.4}, {"trade_seq": 2461, "trade_id": "229356599", "timestamp": 1663386244511, "tick_direction": 3, "price": 0.001, "mark_price": 0.00143725, "iv": 78.98, "instrument_name": "BTC-30DEC22-60000-C", "index_price": 19889.91, "direction": "sell", "amount": 16.1}, {"trade_seq": 2460, "trade_id": "229356598", "timestamp": 1663386244511, "tick_direction": 3, "price": 0.001, "mark_price": 0.00143725, "iv": 78.98, "instrument_name": "BTC-30DEC22-60000-C", "index_price": 19889.91, "direction": "sell", "amount": 3.6}, {"trade_seq": 2459, "trade_id": "229356597", "timestamp": 1663386244511, "tick_direction": 2, "price": 0.001, "mark_price": 0.00143725, "iv": 78.98, "instrument_name": "BTC-30DEC22-60000-C", "index_price": 19889.91, "direction": "sell", "amount": 0.2}, {"trade_seq": 2458, "trade_id": "229289133", "timestamp": 1663314150331, "tick_direction": 3, "price": 0.002, "mark_price": 0.00224286, "iv": 85.51, "instrument_name": "BTC-30DEC22-60000-C", "index_price": 19767.58, "direction": "sell", "amount": 2.0}, {"trade_seq": 2457, "trade_id": "229289132", "timestamp": 1663314150331, "tick_direction": 2, "price": 0.002, "mark_price": 0.00224286, "iv": 85.51, "instrument_name": "BTC-30DEC22-60000-C", "index_price": 19767.58, "direction": "sell", "amount": 5.0}, {"trade_seq": 2456, "trade_id": "229073043", "timestamp": 1663089954191, "tick_direction": 2, "price": 0.003, "mark_price": 0.00349071, "iv": 85.49, "instrument_name": "BTC-30DEC22-60000-C", "index_price": 20817.97, "direction": "sell", "amount": 5.1}, {"trade_seq": 2455, "trade_id": "228921292", "timestamp": 1663008861458, "tick_direction": 0, "price": 0.0045, "mark_price": 0.00402977, "iv": 84.86, "instrument_name": "BTC-30DEC22-60000-C", "index_price": 22400.88, "direction": "buy", "amount": 1.0}, {"trade_seq": 2454, "trade_id": "228913320", "timestamp": 1663002253359, "tick_direction": 1, "price": 0.004, "mark_price": 0.00434161, "iv": 84.06, "instrument_name": "BTC-30DEC22-60000-C", "index_price": 22195.81, "direction": "buy", "amount": 2.0}, {"trade_seq": 2453, "trade_id": "228913312", "timestamp": 1663002245567, "tick_direction": 1, "price": 0.004, "mark_price": 0.00434833, "iv": 84.05, "instrument_name": "BTC-30DEC22-60000-C", "index_price": 22198.56, "direction": "buy", "amount": 1.0}, {"trade_seq": 2452, "trade_id": "228783558", "timestamp": 1662846599394, "tick_direction": 0, "price": 0.004, "mark_price": 0.00389634, "iv": 84.83, "instrument_name": "BTC-30DEC22-60000-C", "index_price": 21736.05, "direction": "buy", "amount": 0.4}, {"trade_seq": 2451, "trade_id": "228724119", "timestamp": 1662762112272, "tick_direction": 0, "price": 0.0035, "mark_price": 0.00343503, "iv": 84.19, "instrument_name": "BTC-30DEC22-60000-C", "index_price": 21316.08, "direction": "buy", "amount": 0.5}, {"trade_seq": 2450, "trade_id": "228692644", "timestamp": 1662732122884, "tick_direction": 3, "price": 0.003, "mark_price": 0.00329726, "iv": 83.19, "instrument_name": "BTC-30DEC22-60000-C", "index_price": 21027.49, "direction": "sell", "amount": 2.0}, {"trade_seq": 2449, "trade_id": "228674902", "timestamp": 1662720197330, "tick_direction": 2, "price": 0.003, "mark_price": 0.0031404, "iv": 83.24, "instrument_name": "BTC-30DEC22-60000-C", "index_price": 20982.8, "direction": "buy", "amount": 0.3}, {"trade_seq": 2448, "trade_id": "228674639", "timestamp": 1662720160733, "tick_direction": 0, "price": 0.0035, "mark_price": 0.00311162, "iv": 85.08, "instrument_name": "BTC-30DEC22-60000-C", "index_price": 20956.21, "direction": "buy", "amount": 0.1}, {"trade_seq": 2447, "trade_id": "228605925", "timestamp": 1662694022238, "tick_direction": 2, "price": 0.0025, "mark_price": 0.00289515, "iv": 85.27, "instrument_name": "BTC-30DEC22-60000-C", "index_price": 19669.81, "direction": "sell", "amount": 4.0}, {"trade_seq": 2446, "trade_id": "228193301", "timestamp": 1662207138120, "tick_direction": 3, "price": 0.003, "mark_price": 0.00329893, "iv": 84.72, "instrument_name": "BTC-30DEC22-60000-C", "index_price": 19831.29, "direction": "sell", "amount": 4.4}, {"trade_seq": 2445, "trade_id": "228193285", "timestamp": 1662207134939, "tick_direction": 3, "price": 0.003, "mark_price": 0.00330342, "iv": 84.7, "instrument_name": "BTC-30DEC22-60000-C", "index_price": 19836.13, "direction": "sell", "amount": 5.0}, {"trade_seq": 2444, "trade_id": "228193283", "timestamp": 1662207131731, "tick_direction": 3, "price": 0.003, "mark_price": 0.00330275, "iv": 84.69, "instrument_name": "BTC-30DEC22-60000-C", "index_price": 19837.2, "direction": "sell", "amount": 5.0}, {"trade_seq": 2443, "trade_id": "228193282", "timestamp": 1662207128628, "tick_direction": 3, "price": 0.003, "mark_price": 0.00330164, "iv": 84.69, "instrument_name": "BTC-30DEC22-60000-C", "index_price": 19837.33, "direction": "sell", "amount": 5.0}, {"trade_seq": 2442, "trade_id": "228193281", "timestamp": 1662207125539, "tick_direction": 2, "price": 0.003, "mark_price": 0.00330123, "iv": 84.69, "instrument_name": "BTC-30DEC22-60000-C", "index_price": 19837.76, "direction": "sell", "amount": 5.0}, {"trade_seq": 2441, "trade_id": "227928887", "timestamp": 1661919848674, "tick_direction": 0, "price": 0.0045, "mark_price": 0.00418179, "iv": 86.54, "instrument_name": "BTC-30DEC22-60000-C", "index_price": 20366.06, "direction": "sell", "amount": 0.3}, {"trade_seq": 2440, "trade_id": "227883924", "timestamp": 1661875666732, "tick_direction": 1, "price": 0.004, "mark_price": 0.00348327, "iv": 86.79, "instrument_name": "BTC-30DEC22-60000-C", "index_price": 19799.13, "direction": "buy", "amount": 4.8}, {"trade_seq": 2439, "trade_id": "227883923", "timestamp": 1661875664404, "tick_direction": 1, "price": 0.004, "mark_price": 0.00348332, "iv": 86.79, "instrument_name": "BTC-30DEC22-60000-C", "index_price": 19799.08, "direction": "buy", "amount": 11.7}, {"trade_seq": 2438, "trade_id": "227883922", "timestamp": 1661875664404, "tick_direction": 1, "price": 0.004, "mark_price": 0.00348332, "iv": 86.79, "instrument_name": "BTC-30DEC22-60000-C", "index_price": 19799.08, "direction": "buy", "amount": 4.4}, {"trade_seq": 2437, "trade_id": "227883921", "timestamp": 1661875664404, "tick_direction": 1, "price": 0.004, "mark_price": 0.00348332, "iv": 86.79, "instrument_name": "BTC-30DEC22-60000-C", "index_price": 19799.08, "direction": "buy", "amount": 1.2}, {"trade_seq": 2436, "trade_id": "227883920", "timestamp": 1661875664404, "tick_direction": 0, "price": 0.004, "mark_price": 0.00348332, "iv": 86.79, "instrument_name": "BTC-30DEC22-60000-C", "index_price": 19799.08, "direction": "buy", "amount": 2.0}, {"trade_seq": 2435, "trade_id": "227849615", "timestamp": 1661854693856, "tick_direction": 2, "price": 0.0035, "mark_price": 0.00344422, "iv": 83.09, "instrument_name": "BTC-30DEC22-60000-C", "index_price": 20445.21, "direction": "buy", "amount": 1.0}, {"trade_seq": 2434, "trade_id": "227736530", "timestamp": 1661709958352, "tick_direction": 3, "price": 0.004, "mark_price": 0.00374463, "iv": 85.46, "instrument_name": "BTC-30DEC22-60000-C", "index_price": 19992.94, "direction": "buy", "amount": 2.0}, {"trade_seq": 2433, "trade_id": "227697421", "timestamp": 1661627352955, "tick_direction": 3, "price": 0.004, "mark_price": 0.00397191, "iv": 85.32, "instrument_name": "BTC-30DEC22-60000-C", "index_price": 19946.29, "direction": "buy", "amount": 1.0}, {"trade_seq": 2432, "trade_id": "227675997", "timestamp": 1661604531668, "tick_direction": 3, "price": 0.004, "mark_price": 0.00447446, "iv": 84.49, "instrument_name": "BTC-30DEC22-60000-C", "index_price": 20190.61, "direction": "buy", "amount": 0.4}, {"trade_seq": 2431, "trade_id": "227675996", "timestamp": 1661604531279, "tick_direction": 3, "price": 0.004, "mark_price": 0.00447516, "iv": 84.49, "instrument_name": "BTC-30DEC22-60000-C", "index_price": 20190.61, "direction": "sell", "amount": 3.6}, {"trade_seq": 2430, "trade_id": "227675974", "timestamp": 1661604485818, "tick_direction": 3, "price": 0.004, "mark_price": 0.00448772, "iv": 84.45, "instrument_name": "BTC-30DEC22-60000-C", "index_price": 20196.4, "direction": "sell", "amount": 4.2}, {"trade_seq": 2429, "trade_id": "227675973", "timestamp": 1661604485818, "tick_direction": 3, "price": 0.004, "mark_price": 0.00448772, "iv": 84.45, "instrument_name": "BTC-30DEC22-60000-C", "index_price": 20196.4, "direction": "sell", "amount": 0.8}, {"trade_seq": 2428, "trade_id": "227588304", "timestamp": 1661527984206, "tick_direction": 2, "price": 0.004, "mark_price": 0.00442627, "iv": 82.2, "instrument_name": "BTC-30DEC22-60000-C", "index_price": 20839.16, "direction": "sell", "amount": 0.1}, {"trade_seq": 2427, "trade_id": "227520441", "timestamp": 1661515841282, "tick_direction": 2, "price": 0.0045, "mark_price": 0.00484674, "iv": 82.39, "instrument_name": "BTC-30DEC22-60000-C", "index_price": 21181.34, "direction": "sell", "amount": 0.1}, {"trade_seq": 2426, "trade_id": "227511452", "timestamp": 1661511157373, "tick_direction": 3, "price": 0.005, "mark_price": 0.00492205, "iv": 82.98, "instrument_name": "BTC-30DEC22-60000-C", "index_price": 21397.93, "direction": "sell", "amount": 0.3}, {"trade_seq": 2425, "trade_id": "227511439", "timestamp": 1661511140414, "tick_direction": 3, "price": 0.005, "mark_price": 0.00492346, "iv": 82.99, "instrument_name": "BTC-30DEC22-60000-C", "index_price": 21394.95, "direction": "sell", "amount": 0.3}, {"trade_seq": 2424, "trade_id": "227507927", "timestamp": 1661505441190, "tick_direction": 3, "price": 0.005, "mark_price": 0.00509072, "iv": 82.86, "instrument_name": "BTC-30DEC22-60000-C", "index_price": 21430.52, "direction": "sell", "amount": 0.1}, {"trade_seq": 2423, "trade_id": "227507926", "timestamp": 1661505436714, "tick_direction": 2, "price": 0.005, "mark_price": 0.0050899, "iv": 82.86, "instrument_name": "BTC-30DEC22-60000-C", "index_price": 21430.76, "direction": "sell", "amount": 0.1}, {"trade_seq": 2422, "trade_id": "227506786", "timestamp": 1661503684031, "tick_direction": 1, "price": 0.0055, "mark_price": 0.00506865, "iv": 83.97, "instrument_name": "BTC-30DEC22-60000-C", "index_price": 21453.33, "direction": "sell", "amount": 5.0}, {"trade_seq": 2421, "trade_id": "227506751", "timestamp": 1661503655552, "tick_direction": 1, "price": 0.0055, "mark_price": 0.00505261, "iv": 84.0, "instrument_name": "BTC-30DEC22-60000-C", "index_price": 21445.66, "direction": "sell", "amount": 6.0}, {"trade_seq": 2420, "trade_id": "227506750", "timestamp": 1661503655541, "tick_direction": 1, "price": 0.0055, "mark_price": 0.00505261, "iv": 84.0, "instrument_name": "BTC-30DEC22-60000-C", "index_price": 21445.66, "direction": "buy", "amount": 4.0}, {"trade_seq": 2419, "trade_id": "227506727", "timestamp": 1661503627639, "tick_direction": 1, "price": 0.0055, "mark_price": 0.0050517, "iv": 84.0, "instrument_name": "BTC-30DEC22-60000-C", "index_price": 21450.07, "direction": "buy", "amount": 1.5}, {"trade_seq": 2418, "trade_id": "227506726", "timestamp": 1661503627639, "tick_direction": 0, "price": 0.0055, "mark_price": 0.0050517, "iv": 84.0, "instrument_name": "BTC-30DEC22-60000-C", "index_price": 21450.07, "direction": "buy", "amount": 3.5}, {"trade_seq": 2417, "trade_id": "227504809", "timestamp": 1661501991183, "tick_direction": 3, "price": 0.005, "mark_price": 0.00516065, "iv": 82.79, "instrument_name": "BTC-30DEC22-60000-C", "index_price": 21444.03, "direction": "sell", "amount": 3.0}, {"trade_seq": 2416, "trade_id": "227495341", "timestamp": 1661496750514, "tick_direction": 2, "price": 0.005, "mark_price": 0.0051053, "iv": 82.9, "instrument_name": "BTC-30DEC22-60000-C", "index_price": 21426.36, "direction": "sell", "amount": 0.2}, {"trade_seq": 2415, "trade_id": "227365941", "timestamp": 1661320169699, "tick_direction": 3, "price": 0.0065, "mark_price": 0.00636641, "iv": 85.38, "instrument_name": "BTC-30DEC22-60000-C", "index_price": 21470.78, "direction": "sell", "amount": 1.0}, {"trade_seq": 2414, "trade_id": "227361430", "timestamp": 1661311111006, "tick_direction": 3, "price": 0.0065, "mark_price": 0.00625591, "iv": 86.12, "instrument_name": "BTC-30DEC22-60000-C", "index_price": 21220.35, "direction": "buy", "amount": 2.0}, {"trade_seq": 2413, "trade_id": "227269535", "timestamp": 1661194523664, "tick_direction": 2, "price": 0.0065, "mark_price": 0.00625733, "iv": 86.3, "instrument_name": "BTC-30DEC22-60000-C", "index_price": 20996.58, "direction": "sell", "amount": 0.2}, {"trade_seq": 2412, "trade_id": "226912656", "timestamp": 1660873098196, "tick_direction": 2, "price": 0.0075, "mark_price": 0.00812056, "iv": 81.65, "instrument_name": "BTC-30DEC22-60000-C", "index_price": 22797.45, "direction": "sell", "amount": 2.0}, {"trade_seq": 2411, "trade_id": "226875094", "timestamp": 1660834789038, "tick_direction": 3, "price": 0.009, "mark_price": 0.00897746, "iv": 82.19, "instrument_name": "BTC-30DEC22-60000-C", "index_price": 23419.62, "direction": "buy", "amount": 2.0}, {"trade_seq": 2410, "trade_id": "226840353", "timestamp": 1660807207818, "tick_direction": 2, "price": 0.009, "mark_price": 0.00896833, "iv": 82.19, "instrument_name": "BTC-30DEC22-60000-C", "index_price": 23361.66, "direction": "buy", "amount": 4.5}, {"trade_seq": 2409, "trade_id": "226828264", "timestamp": 1660779070673, "tick_direction": 2, "price": 0.0095, "mark_price": 0.00974687, "iv": 82.99, "instrument_name": "BTC-30DEC22-60000-C", "index_price": 23331.31, "direction": "buy", "amount": 2.0}, {"trade_seq": 2408, "trade_id": "226801135", "timestamp": 1660758132291, "tick_direction": 0, "price": 0.01, "mark_price": 0.00982579, "iv": 83.36, "instrument_name": "BTC-30DEC22-60000-C", "index_price": 23418.32, "direction": "sell", "amount": 1.0}, {"trade_seq": 2407, "trade_id": "226789129", "timestamp": 1660746986517, "tick_direction": 1, "price": 0.0095, "mark_price": 0.00860054, "iv": 82.59, "instrument_name": "BTC-30DEC22-60000-C", "index_price": 23406.92, "direction": "buy", "amount": 4.0}, {"trade_seq": 2406, "trade_id": "226789128", "timestamp": 1660746986517, "tick_direction": 1, "price": 0.0095, "mark_price": 0.00860054, "iv": 82.59, "instrument_name": "BTC-30DEC22-60000-C", "index_price": 23406.92, "direction": "buy", "amount": 11.0}, {"trade_seq": 2405, "trade_id": "226789127", "timestamp": 1660746986517, "tick_direction": 1, "price": 0.0095, "mark_price": 0.00860054, "iv": 82.59, "instrument_name": "BTC-30DEC22-60000-C", "index_price": 23406.92, "direction": "buy", "amount": 3.5}, {"trade_seq": 2404, "trade_id": "226789126", "timestamp": 1660746986517, "tick_direction": 0, "price": 0.0095, "mark_price": 0.00860054, "iv": 82.59, "instrument_name": "BTC-30DEC22-60000-C", "index_price": 23406.92, "direction": "buy", "amount": 15.0}, {"trade_seq": 2403, "trade_id": "226738563", "timestamp": 1660717955985, "tick_direction": 0, "price": 0.0085, "mark_price": 0.00856719, "iv": 78.03, "instrument_name": "BTC-30DEC22-60000-C", "index_price": 24416.57, "direction": "buy", "amount": 2.0}, {"trade_seq": 2402, "trade_id": "226667305", "timestamp": 1660637296962, "tick_direction": 3, "price": 0.008, "mark_price": 0.00798988, "iv": 78.11, "instrument_name": "BTC-30DEC22-60000-C", "index_price": 24025.96, "direction": "buy", "amount": 4.0}, {"trade_seq": 2401, "trade_id": "226665445", "timestamp": 1660633727898, "tick_direction": 2, "price": 0.008, "mark_price": 0.00803915, "iv": 78.14, "instrument_name": "BTC-30DEC22-60000-C", "index_price": 24018.32, "direction": "buy", "amount": 0.4}, {"trade_seq": 2400, "trade_id": "226529098", "timestamp": 1660480492681, "tick_direction": 3, "price": 0.009, "mark_price": 0.00936012, "iv": 77.74, "instrument_name": "BTC-30DEC22-60000-C", "index_price": 24507.79, "direction": "buy", "amount": 0.5}, {"trade_seq": 2399, "trade_id": "226487337", "timestamp": 1660403861357, "tick_direction": 2, "price": 0.009, "mark_price": 0.0093452, "iv": 77.37, "instrument_name": "BTC-30DEC22-60000-C", "index_price": 24541.92, "direction": "sell", "amount": 1.0}, {"trade_seq": 2398, "trade_id": "226485237", "timestamp": 1660398613461, "tick_direction": 2, "price": 0.0095, "mark_price": 0.00966246, "iv": 78.27, "instrument_name": "BTC-30DEC22-60000-C", "index_price": 24472.3, "direction": "sell", "amount": 1.0}, {"trade_seq": 2397, "trade_id": "226468621", "timestamp": 1660376013669, "tick_direction": 1, "price": 0.01, "mark_price": 0.00946933, "iv": 78.34, "instrument_name": "BTC-30DEC22-60000-C", "index_price": 24679.82, "direction": "sell", "amount": 0.3}, {"trade_seq": 2396, "trade_id": "226468620", "timestamp": 1660376013667, "tick_direction": 1, "price": 0.01, "mark_price": 0.00946933, "iv": 78.34, "instrument_name": "BTC-30DEC22-60000-C", "index_price": 24679.82, "direction": "buy", "amount": 2.7}, {"trade_seq": 2395, "trade_id": "226467990", "timestamp": 1660374379420, "tick_direction": 0, "price": 0.01, "mark_price": 0.00914083, "iv": 78.31, "instrument_name": "BTC-30DEC22-60000-C", "index_price": 24688.11, "direction": "buy", "amount": 1.0}, {"trade_seq": 2394, "trade_id": "226367621", "timestamp": 1660264586040, "tick_direction": 3, "price": 0.0095, "mark_price": 0.00959007, "iv": 79.35, "instrument_name": "BTC-30DEC22-60000-C", "index_price": 23948.96, "direction": "sell", "amount": 3.0}, {"trade_seq": 2393, "trade_id": "226367620", "timestamp": 1660264586040, "tick_direction": 2, "price": 0.0095, "mark_price": 0.00959007, "iv": 79.35, "instrument_name": "BTC-30DEC22-60000-C", "index_price": 23948.96, "direction": "sell", "amount": 1.9}, {"trade_seq": 2392, "trade_id": "226293210", "timestamp": 1660205503592, "tick_direction": 0, "price": 0.0105, "mark_price": 0.00999729, "iv": 79.23, "instrument_name": "BTC-30DEC22-60000-C", "index_price": 24434.54, "direction": "buy", "amount": 0.6}, {"trade_seq": 2391, "trade_id": "226282859", "timestamp": 1660197344493, "tick_direction": 1, "price": 0.01, "mark_price": 0.01037625, "iv": 78.18, "instrument_name": "BTC-30DEC22-60000-C", "index_price": 24563.27, "direction": "buy", "amount": 3.8}, {"trade_seq": 2390, "trade_id": "226282858", "timestamp": 1660197344368, "tick_direction": 1, "price": 0.01, "mark_price": 0.01037625, "iv": 78.18, "instrument_name": "BTC-30DEC22-60000-C", "index_price": 24563.27, "direction": "sell", "amount": 4.0}, {"trade_seq": 2389, "trade_id": "226282857", "timestamp": 1660197344368, "tick_direction": 1, "price": 0.01, "mark_price": 0.01037625, "iv": 78.18, "instrument_name": "BTC-30DEC22-60000-C", "index_price": 24563.27, "direction": "sell", "amount": 3.9}, {"trade_seq": 2388, "trade_id": "226259996", "timestamp": 1660173077167, "tick_direction": 0, "price": 0.01, "mark_price": 0.00985737, "iv": 79.96, "instrument_name": "BTC-30DEC22-60000-C", "index_price": 23886.5, "direction": "sell", "amount": 1.0}, {"trade_seq": 2387, "trade_id": "226244856", "timestamp": 1660158699476, "tick_direction": 3, "price": 0.0095, "mark_price": 0.00992894, "iv": 79.74, "instrument_name": "BTC-30DEC22-60000-C", "index_price": 23676.71, "direction": "sell", "amount": 4.0}, {"trade_seq": 2386, "trade_id": "226244855", "timestamp": 1660158699476, "tick_direction": 2, "price": 0.0095, "mark_price": 0.00992894, "iv": 79.74, "instrument_name": "BTC-30DEC22-60000-C", "index_price": 23676.71, "direction": "sell", "amount": 4.1}, {"trade_seq": 2385, "trade_id": "226041244", "timestamp": 1659960620247, "tick_direction": 0, "price": 0.011, "mark_price": 0.01128381, "iv": 79.53, "instrument_name": "BTC-30DEC22-60000-C", "index_price": 24226.37, "direction": "buy", "amount": 1.0}, {"trade_seq": 2384, "trade_id": "226039186", "timestamp": 1659958296385, "tick_direction": 2, "price": 0.01, "mark_price": 0.0110235, "iv": 78.65, "instrument_name": "BTC-30DEC22-60000-C", "index_price": 24049.84, "direction": "sell", "amount": 1.0}, {"trade_seq": 2383, "trade_id": "226037125", "timestamp": 1659954873678, "tick_direction": 1, "price": 0.0105, "mark_price": 0.01078684, "iv": 79.19, "instrument_name": "BTC-30DEC22-60000-C", "index_price": 24089.21, "direction": "buy", "amount": 1.0}, {"trade_seq": 2382, "trade_id": "226037124", "timestamp": 1659954870812, "tick_direction": 1, "price": 0.0105, "mark_price": 0.01078321, "iv": 79.2, "instrument_name": "BTC-30DEC22-60000-C", "index_price": 24089.25, "direction": "buy", "amount": 1.0}, {"trade_seq": 2381, "trade_id": "226024376", "timestamp": 1659947038970, "tick_direction": 1, "price": 0.0105, "mark_price": 0.01007654, "iv": 79.88, "instrument_name": "BTC-30DEC22-60000-C", "index_price": 23859.51, "direction": "buy", "amount": 4.0}, {"trade_seq": 2380, "trade_id": "226024375", "timestamp": 1659947038970, "tick_direction": 1, "price": 0.0105, "mark_price": 0.01007654, "iv": 79.88, "instrument_name": "BTC-30DEC22-60000-C", "index_price": 23859.51, "direction": "buy", "amount": 25.0}, {"trade_seq": 2379, "trade_id": "226024374", "timestamp": 1659947038970, "tick_direction": 0, "price": 0.0105, "mark_price": 0.01007654, "iv": 79.88, "instrument_name": "BTC-30DEC22-60000-C", "index_price": 23859.51, "direction": "buy", "amount": 1.0}, {"trade_seq": 2378, "trade_id": "226022425", "timestamp": 1659945522463, "tick_direction": 2, "price": 0.01, "mark_price": 0.01055084, "iv": 79.25, "instrument_name": "BTC-30DEC22-60000-C", "index_price": 23830.88, "direction": "sell", "amount": 2.0}, {"trade_seq": 2377, "trade_id": "225860959", "timestamp": 1659699120852, "tick_direction": 0, "price": 0.0105, "mark_price": 0.00974077, "iv": 80.73, "instrument_name": "BTC-30DEC22-60000-C", "index_price": 23274.78, "direction": "buy", "amount": 0.9}, {"trade_seq": 2376, "trade_id": "225860958", "timestamp": 1659699120852, "tick_direction": 0, "price": 0.01, "mark_price": 0.00974077, "iv": 80.04, "instrument_name": "BTC-30DEC22-60000-C", "index_price": 23274.78, "direction": "buy", "amount": 0.1}, {"trade_seq": 2375, "trade_id": "225821145", "timestamp": 1659650464029, "tick_direction": 2, "price": 0.0095, "mark_price": 0.0096123, "iv": 81.34, "instrument_name": "BTC-30DEC22-60000-C", "index_price": 22493.47, "direction": "sell", "amount": 1.0}, {"trade_seq": 2374, "trade_id": "225743167", "timestamp": 1659569276878, "tick_direction": 0, "price": 0.0105, "mark_price": 0.0097995, "iv": 81.57, "instrument_name": "BTC-30DEC22-60000-C", "index_price": 22810.33, "direction": "buy", "amount": 1.0}, {"trade_seq": 2373, "trade_id": "225526315", "timestamp": 1659375635393, "tick_direction": 3, "price": 0.0095, "mark_price": 0.00980897, "iv": 79.21, "instrument_name": "BTC-30DEC22-60000-C", "index_price": 22949.48, "direction": "sell", "amount": 1.2}, {"trade_seq": 2372, "trade_id": "225523612", "timestamp": 1659374644558, "tick_direction": 3, "price": 0.0095, "mark_price": 0.00985414, "iv": 78.99, "instrument_name": "BTC-30DEC22-60000-C", "index_price": 23023.9, "direction": "sell", "amount": 1.7}, {"trade_seq": 2371, "trade_id": "225456171", "timestamp": 1659324280181, "tick_direction": 3, "price": 0.0095, "mark_price": 0.01041945, "iv": 77.86, "instrument_name": "BTC-30DEC22-60000-C", "index_price": 23356.75, "direction": "sell", "amount": 2.0}, {"trade_seq": 2370, "trade_id": "225387680", "timestamp": 1659266628778, "tick_direction": 2, "price": 0.0095, "mark_price": 0.01062136, "iv": 76.46, "instrument_name": "BTC-30DEC22-60000-C", "index_price": 23813.3, "direction": "sell", "amount": 0.1}, {"trade_seq": 2369, "trade_id": "225319386", "timestamp": 1659196494573, "tick_direction": 0, "price": 0.011, "mark_price": 0.0109246, "iv": 76.18, "instrument_name": "BTC-30DEC22-60000-C", "index_price": 24571.99, "direction": "buy", "amount": 4.0}, {"trade_seq": 2368, "trade_id": "225129539", "timestamp": 1659101803672, "tick_direction": 2, "price": 0.0095, "mark_price": 0.00958961, "iv": 76.77, "instrument_name": "BTC-30DEC22-60000-C", "index_price": 23495.64, "direction": "sell", "amount": 0.5}, {"trade_seq": 2367, "trade_id": "225052536", "timestamp": 1659076618309, "tick_direction": 1, "price": 0.0105, "mark_price": 0.01114622, "iv": 76.1, "instrument_name": "BTC-30DEC22-60000-C", "index_price": 24230.02, "direction": "buy", "amount": 1.0}, {"trade_seq": 2366, "trade_id": "225017165", "timestamp": 1659054468042, "tick_direction": 0, "price": 0.0105, "mark_price": 0.01081914, "iv": 77.41, "instrument_name": "BTC-30DEC22-60000-C", "index_price": 23766.62, "direction": "buy", "amount": 0.1}, {"trade_seq": 2365, "trade_id": "224858076", "timestamp": 1658993639945, "tick_direction": 3, "price": 0.0095, "mark_price": 0.00961292, "iv": 78.22, "instrument_name": "BTC-30DEC22-60000-C", "index_price": 22909.5, "direction": "buy", "amount": 0.3}, {"trade_seq": 2364, "trade_id": "224741676", "timestamp": 1658945888060, "tick_direction": 2, "price": 0.0095, "mark_price": 0.00995659, "iv": 80.5, "instrument_name": "BTC-30DEC22-60000-C", "index_price": 22038.28, "direction": "sell", "amount": 2.0}, {"trade_seq": 2363, "trade_id": "224678191", "timestamp": 1658909428697, "tick_direction": 3, "price": 0.01, "mark_price": 0.00966874, "iv": 82.99, "instrument_name": "BTC-30DEC22-60000-C", "index_price": 21379.73, "direction": "sell", "amount": 29.0}, {"trade_seq": 2362, "trade_id": "224663938", "timestamp": 1658897714484, "tick_direction": 3, "price": 0.01, "mark_price": 0.00952069, "iv": 83.68, "instrument_name": "BTC-30DEC22-60000-C", "index_price": 21126.54, "direction": "buy", "amount": 1.0}, {"trade_seq": 2361, "trade_id": "224663937", "timestamp": 1658897714386, "tick_direction": 3, "price": 0.01, "mark_price": 0.00952069, "iv": 83.68, "instrument_name": "BTC-30DEC22-60000-C", "index_price": 21126.54, "direction": "buy", "amount": 15.0}, {"trade_seq": 2360, "trade_id": "224663936", "timestamp": 1658897714386, "tick_direction": 3, "price": 0.01, "mark_price": 0.00952069, "iv": 83.68, "instrument_name": "BTC-30DEC22-60000-C", "index_price": 21126.54, "direction": "buy", "amount": 4.0}, {"trade_seq": 2359, "trade_id": "224663935", "timestamp": 1658897714386, "tick_direction": 2, "price": 0.01, "mark_price": 0.00952069, "iv": 83.68, "instrument_name": "BTC-30DEC22-60000-C", "index_price": 21126.54, "direction": "buy", "amount": 2.3}, {"trade_seq": 2358, "trade_id": "224464884", "timestamp": 1658758885041, "tick_direction": 3, "price": 0.011, "mark_price": 0.01073894, "iv": 82.53, "instrument_name": "BTC-30DEC22-60000-C", "index_price": 21858.16, "direction": "sell", "amount": 2.0}, {"trade_seq": 2357, "trade_id": "224464712", "timestamp": 1658758844224, "tick_direction": 2, "price": 0.011, "mark_price": 0.01073417, "iv": 82.54, "instrument_name": "BTC-30DEC22-60000-C", "index_price": 21852.62, "direction": "sell", "amount": 2.0}, {"trade_seq": 2356, "trade_id": "224308119", "timestamp": 1658619397746, "tick_direction": 3, "price": 0.0115, "mark_price": 0.01220829, "iv": 80.93, "instrument_name": "BTC-30DEC22-60000-C", "index_price": 22506.4, "direction": "sell", "amount": 2.2}, {"trade_seq": 2355, "trade_id": "224306473", "timestamp": 1658617679702, "tick_direction": 2, "price": 0.0115, "mark_price": 0.01213724, "iv": 80.94, "instrument_name": "BTC-30DEC22-60000-C", "index_price": 22522.42, "direction": "sell", "amount": 1.9}, {"trade_seq": 2354, "trade_id": "224276237", "timestamp": 1658595837460, "tick_direction": 0, "price": 0.012, "mark_price": 0.011568, "iv": 82.26, "instrument_name": "BTC-30DEC22-60000-C", "index_price": 22243.91, "direction": "sell", "amount": 5.0}, {"trade_seq": 2353, "trade_id": "224275388", "timestamp": 1658595337071, "tick_direction": 3, "price": 0.0115, "mark_price": 0.0115105, "iv": 81.7, "instrument_name": "BTC-30DEC22-60000-C", "index_price": 22216.47, "direction": "sell", "amount": 0.7}, {"trade_seq": 2352, "trade_id": "224274174", "timestamp": 1658594295334, "tick_direction": 3, "price": 0.0115, "mark_price": 0.01161319, "iv": 81.65, "instrument_name": "BTC-30DEC22-60000-C", "index_price": 22216.28, "direction": "sell", "amount": 1.6}, {"trade_seq": 2351, "trade_id": "224273962", "timestamp": 1658594115124, "tick_direction": 3, "price": 0.0115, "mark_price": 0.01170435, "iv": 81.54, "instrument_name": "BTC-30DEC22-60000-C", "index_price": 22257.87, "direction": "sell", "amount": 1.7}, {"trade_seq": 2350, "trade_id": "224264190", "timestamp": 1658586965966, "tick_direction": 2, "price": 0.0115, "mark_price": 0.01186736, "iv": 81.47, "instrument_name": "BTC-30DEC22-60000-C", "index_price": 22287.5, "direction": "sell", "amount": 1.0}, {"trade_seq": 2349, "trade_id": "224122258", "timestamp": 1658490463007, "tick_direction": 2, "price": 0.0135, "mark_price": 0.01399827, "iv": 80.13, "instrument_name": "BTC-30DEC22-60000-C", "index_price": 23545.95, "direction": "buy", "amount": 1.0}, {"trade_seq": 2348, "trade_id": "224108818", "timestamp": 1658481448386, "tick_direction": 1, "price": 0.014, "mark_price": 0.01300088, "iv": 80.83, "instrument_name": "BTC-30DEC22-60000-C", "index_price": 23476.65, "direction": "buy", "amount": 2.2}, {"trade_seq": 2347, "trade_id": "224108817", "timestamp": 1658481447308, "tick_direction": 0, "price": 0.014, "mark_price": 0.01300063, "iv": 80.83, "instrument_name": "BTC-30DEC22-60000-C", "index_price": 23477.1, "direction": "buy", "amount": 2.4}, {"trade_seq": 2346, "trade_id": "223953036", "timestamp": 1658392055607, "tick_direction": 1, "price": 0.0125, "mark_price": 0.01211815, "iv": 80.73, "instrument_name": "BTC-30DEC22-60000-C", "index_price": 22838.16, "direction": "buy", "amount": 4.0}, {"trade_seq": 2345, "trade_id": "223953035", "timestamp": 1658392055607, "tick_direction": 0, "price": 0.0125, "mark_price": 0.01211815, "iv": 80.73, "instrument_name": "BTC-30DEC22-60000-C", "index_price": 22838.16, "direction": "buy", "amount": 1.0}, {"trade_seq": 2344, "trade_id": "223946195", "timestamp": 1658387978572, "tick_direction": 3, "price": 0.0115, "mark_price": 0.01267151, "iv": 78.7, "instrument_name": "BTC-30DEC22-60000-C", "index_price": 23069.39, "direction": "sell", "amount": 2.1}, {"trade_seq": 2343, "trade_id": "223946194", "timestamp": 1658387978572, "tick_direction": 2, "price": 0.0115, "mark_price": 0.01267151, "iv": 78.7, "instrument_name": "BTC-30DEC22-60000-C", "index_price": 23069.39, "direction": "sell", "amount": 2.6}, {"trade_seq": 2342, "trade_id": "223921518", "timestamp": 1658372236450, "tick_direction": 2, "price": 0.012, "mark_price": 0.01206066, "iv": 80.09, "instrument_name": "BTC-30DEC22-60000-C", "index_price": 22769.45, "direction": "buy", "amount": 1.0}, {"trade_seq": 2341, "trade_id": "223808551", "timestamp": 1658330972082, "tick_direction": 1, "price": 0.014, "mark_price": 0.01384614, "iv": 78.32, "instrument_name": "BTC-30DEC22-60000-C", "index_price": 24236.64, "direction": "buy", "amount": 5.0}, {"trade_seq": 2340, "trade_id": "223808206", "timestamp": 1658330941701, "tick_direction": 1, "price": 0.014, "mark_price": 0.01374722, "iv": 78.4, "instrument_name": "BTC-30DEC22-60000-C", "index_price": 24212.75, "direction": "buy", "amount": 1.2}, {"trade_seq": 2339, "trade_id": "223808110", "timestamp": 1658330915899, "tick_direction": 1, "price": 0.014, "mark_price": 0.01366954, "iv": 78.47, "instrument_name": "BTC-30DEC22-60000-C", "index_price": 24184.66, "direction": "buy", "amount": 0.8}, {"trade_seq": 2338, "trade_id": "223808109", "timestamp": 1658330915899, "tick_direction": 1, "price": 0.014, "mark_price": 0.01366954, "iv": 78.47, "instrument_name": "BTC-30DEC22-60000-C", "index_price": 24184.66, "direction": "buy", "amount": 0.8}, {"trade_seq": 2337, "trade_id": "223808103", "timestamp": 1658330913870, "tick_direction": 1, "price": 0.014, "mark_price": 0.01365516, "iv": 78.49, "instrument_name": "BTC-30DEC22-60000-C", "index_price": 24176.88, "direction": "buy", "amount": 1.4}, {"trade_seq": 2336, "trade_id": "223807818", "timestamp": 1658330869977, "tick_direction": 1, "price": 0.014, "mark_price": 0.0136894, "iv": 78.43, "instrument_name": "BTC-30DEC22-60000-C", "index_price": 24204.35, "direction": "buy", "amount": 1.4}, {"trade_seq": 2335, "trade_id": "223807612", "timestamp": 1658330857064, "tick_direction": 0, "price": 0.014, "mark_price": 0.01368249, "iv": 78.45, "instrument_name": "BTC-30DEC22-60000-C", "index_price": 24200.92, "direction": "buy", "amount": 1.4}, {"trade_seq": 2334, "trade_id": "223721204", "timestamp": 1658294245826, "tick_direction": 3, "price": 0.0115, "mark_price": 0.01146708, "iv": 77.78, "instrument_name": "BTC-30DEC22-60000-C", "index_price": 23332.31, "direction": "buy", "amount": 4.0}, {"trade_seq": 2333, "trade_id": "223709415", "timestamp": 1658283981492, "tick_direction": 2, "price": 0.0115, "mark_price": 0.01109449, "iv": 77.51, "instrument_name": "BTC-30DEC22-60000-C", "index_price": 23417.79, "direction": "buy", "amount": 2.0}, {"trade_seq": 2332, "trade_id": "223689563", "timestamp": 1658276092529, "tick_direction": 2, "price": 0.0125, "mark_price": 0.01201344, "iv": 79.14, "instrument_name": "BTC-30DEC22-60000-C", "index_price": 23239.88, "direction": "sell", "amount": 0.5}, {"trade_seq": 2331, "trade_id": "223686133", "timestamp": 1658274543953, "tick_direction": 0, "price": 0.013, "mark_price": 0.01235197, "iv": 79.47, "instrument_name": "BTC-30DEC22-60000-C", "index_price": 23335.01, "direction": "sell", "amount": 0.5}, {"trade_seq": 2330, "trade_id": "223652296", "timestamp": 1658259372989, "tick_direction": 1, "price": 0.0125, "mark_price": 0.01287947, "iv": 78.36, "instrument_name": "BTC-30DEC22-60000-C", "index_price": 23514.2, "direction": "sell", "amount": 4.0}, {"trade_seq": 2329, "trade_id": "223652295", "timestamp": 1658259372989, "tick_direction": 0, "price": 0.0125, "mark_price": 0.01287947, "iv": 78.36, "instrument_name": "BTC-30DEC22-60000-C", "index_price": 23514.2, "direction": "sell", "amount": 1.3}, {"trade_seq": 2328, "trade_id": "223511277", "timestamp": 1658217054943, "tick_direction": 3, "price": 0.01, "mark_price": 0.01071002, "iv": 79.75, "instrument_name": "BTC-30DEC22-60000-C", "index_price": 21802.21, "direction": "sell", "amount": 1.0}, {"trade_seq": 2327, "trade_id": "223511275", "timestamp": 1658217051184, "tick_direction": 2, "price": 0.01, "mark_price": 0.01071261, "iv": 79.74, "instrument_name": "BTC-30DEC22-60000-C", "index_price": 21803.45, "direction": "sell", "amount": 4.1}, {"trade_seq": 2326, "trade_id": "223511207", "timestamp": 1658216968232, "tick_direction": 3, "price": 0.011, "mark_price": 0.01065338, "iv": 81.14, "instrument_name": "BTC-30DEC22-60000-C", "index_price": 21781.08, "direction": "buy", "amount": 4.0}, {"trade_seq": 2325, "trade_id": "223511206", "timestamp": 1658216968232, "tick_direction": 2, "price": 0.011, "mark_price": 0.01065338, "iv": 81.14, "instrument_name": "BTC-30DEC22-60000-C", "index_price": 21781.08, "direction": "buy", "amount": 2.1}, {"trade_seq": 2324, "trade_id": "223438583", "timestamp": 1658187626704, "tick_direction": 0, "price": 0.0125, "mark_price": 0.01238964, "iv": 81.48, "instrument_name": "BTC-30DEC22-60000-C", "index_price": 22284.59, "direction": "buy", "amount": 1.3}, {"trade_seq": 2323, "trade_id": "223433619", "timestamp": 1658186202909, "tick_direction": 3, "price": 0.012, "mark_price": 0.01178947, "iv": 81.23, "instrument_name": "BTC-30DEC22-60000-C", "index_price": 22168.68, "direction": "sell", "amount": 1.7}, {"trade_seq": 2322, "trade_id": "223433382", "timestamp": 1658186150112, "tick_direction": 3, "price": 0.012, "mark_price": 0.01168318, "iv": 81.34, "instrument_name": "BTC-30DEC22-60000-C", "index_price": 22125.88, "direction": "sell", "amount": 1.8}, {"trade_seq": 2321, "trade_id": "223433328", "timestamp": 1658186131246, "tick_direction": 2, "price": 0.012, "mark_price": 0.01164979, "iv": 81.36, "instrument_name": "BTC-30DEC22-60000-C", "index_price": 22117.32, "direction": "sell", "amount": 2.1}, {"trade_seq": 2320, "trade_id": "223394762", "timestamp": 1658168868287, "tick_direction": 1, "price": 0.0125, "mark_price": 0.01151753, "iv": 82.43, "instrument_name": "BTC-30DEC22-60000-C", "index_price": 21933.68, "direction": "buy", "amount": 20.7}, {"trade_seq": 2319, "trade_id": "223394723", "timestamp": 1658168852135, "tick_direction": 1, "price": 0.0125, "mark_price": 0.01150169, "iv": 82.46, "instrument_name": "BTC-30DEC22-60000-C", "index_price": 21922.89, "direction": "buy", "amount": 4.0}, {"trade_seq": 2318, "trade_id": "223394722", "timestamp": 1658168852135, "tick_direction": 1, "price": 0.0125, "mark_price": 0.01150169, "iv": 82.46, "instrument_name": "BTC-30DEC22-60000-C", "index_price": 21922.89, "direction": "buy", "amount": 20.7}, {"trade_seq": 2317, "trade_id": "223394721", "timestamp": 1658168852135, "tick_direction": 0, "price": 0.0125, "mark_price": 0.01150169, "iv": 82.46, "instrument_name": "BTC-30DEC22-60000-C", "index_price": 21922.89, "direction": "buy", "amount": 1.6}, {"trade_seq": 2316, "trade_id": "223394681", "timestamp": 1658168804865, "tick_direction": 1, "price": 0.012, "mark_price": 0.01142831, "iv": 81.88, "instrument_name": "BTC-30DEC22-60000-C", "index_price": 21911.13, "direction": "sell", "amount": 0.7}, {"trade_seq": 2315, "trade_id": "223394680", "timestamp": 1658168804847, "tick_direction": 1, "price": 0.012, "mark_price": 0.01142831, "iv": 81.88, "instrument_name": "BTC-30DEC22-60000-C", "index_price": 21911.13, "direction": "sell", "amount": 1.1}, {"trade_seq": 2314, "trade_id": "223394679", "timestamp": 1658168804843, "tick_direction": 1, "price": 0.012, "mark_price": 0.01142831, "iv": 81.88, "instrument_name": "BTC-30DEC22-60000-C", "index_price": 21911.13, "direction": "sell", "amount": 1.7}, {"trade_seq": 2313, "trade_id": "223394678", "timestamp": 1658168801898, "tick_direction": 1, "price": 0.012, "mark_price": 0.01142564, "iv": 81.87, "instrument_name": "BTC-30DEC22-60000-C", "index_price": 21911.97, "direction": "sell", "amount": 2.5}, {"trade_seq": 2312, "trade_id": "223394677", "timestamp": 1658168801874, "tick_direction": 0, "price": 0.012, "mark_price": 0.01142564, "iv": 81.87, "instrument_name": "BTC-30DEC22-60000-C", "index_price": 21911.97, "direction": "sell", "amount": 3.8}, {"trade_seq": 2311, "trade_id": "223356088", "timestamp": 1658154482759, "tick_direction": 1, "price": 0.0115, "mark_price": 0.01174297, "iv": 80.87, "instrument_name": "BTC-30DEC22-60000-C", "index_price": 22037.77, "direction": "buy", "amount": 0.1}, {"trade_seq": 2310, "trade_id": "223319081", "timestamp": 1658132983022, "tick_direction": 1, "price": 0.0115, "mark_price": 0.01131197, "iv": 80.25, "instrument_name": "BTC-30DEC22-60000-C", "index_price": 22247.07, "direction": "buy", "amount": 4.0}, {"trade_seq": 2309, "trade_id": "223319061", "timestamp": 1658132973936, "tick_direction": 0, "price": 0.0115, "mark_price": 0.01133091, "iv": 80.21, "instrument_name": "BTC-30DEC22-60000-C", "index_price": 22257.3, "direction": "buy", "amount": 4.0}, {"trade_seq": 2308, "trade_id": "223176988", "timestamp": 1658018819325, "tick_direction": 3, "price": 0.0085, "mark_price": 0.0092992, "iv": 78.43, "instrument_name": "BTC-30DEC22-60000-C", "index_price": 21276.08, "direction": "sell", "amount": 0.2}, {"trade_seq": 2307, "trade_id": "223176950", "timestamp": 1658018744497, "tick_direction": 2, "price": 0.0085, "mark_price": 0.00930812, "iv": 78.41, "instrument_name": "BTC-30DEC22-60000-C", "index_price": 21289.22, "direction": "sell", "amount": 0.1}, {"trade_seq": 2306, "trade_id": "223170883", "timestamp": 1658010678934, "tick_direction": 0, "price": 0.009, "mark_price": 0.00872534, "iv": 79.41, "instrument_name": "BTC-30DEC22-60000-C", "index_price": 21211.0, "direction": "buy", "amount": 2.0}, {"trade_seq": 2305, "trade_id": "223142454", "timestamp": 1657990052807, "tick_direction": 1, "price": 0.0085, "mark_price": 0.00869776, "iv": 78.18, "instrument_name": "BTC-30DEC22-60000-C", "index_price": 21352.76, "direction": "sell", "amount": 1.0}, {"trade_seq": 2304, "trade_id": "222786583", "timestamp": 1657716643396, "tick_direction": 1, "price": 0.0085, "mark_price": 0.00793321, "iv": 83.62, "instrument_name": "BTC-30DEC22-60000-C", "index_price": 19165.86, "direction": "buy", "amount": 2.5}, {"trade_seq": 2303, "trade_id": "222786582", "timestamp": 1657716643396, "tick_direction": 0, "price": 0.0085, "mark_price": 0.00793321, "iv": 83.62, "instrument_name": "BTC-30DEC22-60000-C", "index_price": 19165.86, "direction": "buy", "amount": 2.0}, {"trade_seq": 2302, "trade_id": "222737182", "timestamp": 1657693138640, "tick_direction": 2, "price": 0.0075, "mark_price": 0.00782907, "iv": 81.02, "instrument_name": "BTC-30DEC22-60000-C", "index_price": 19461.88, "direction": "sell", "amount": 0.3}, {"trade_seq": 2301, "trade_id": "222645573", "timestamp": 1657605429238, "tick_direction": 3, "price": 0.008, "mark_price": 0.00786735, "iv": 80.19, "instrument_name": "BTC-30DEC22-60000-C", "index_price": 19971.58, "direction": "sell", "amount": 0.6}, {"trade_seq": 2300, "trade_id": "222645240", "timestamp": 1657604662449, "tick_direction": 3, "price": 0.008, "mark_price": 0.00801684, "iv": 80.06, "instrument_name": "BTC-30DEC22-60000-C", "index_price": 20017.55, "direction": "sell", "amount": 0.1}, {"trade_seq": 2299, "trade_id": "222645239", "timestamp": 1657604662423, "tick_direction": 2, "price": 0.008, "mark_price": 0.00801684, "iv": 80.06, "instrument_name": "BTC-30DEC22-60000-C", "index_price": 20017.55, "direction": "sell", "amount": 2.2}, {"trade_seq": 2298, "trade_id": "222627848", "timestamp": 1657584072293, "tick_direction": 1, "price": 0.0085, "mark_price": 0.00841669, "iv": 80.99, "instrument_name": "BTC-30DEC22-60000-C", "index_price": 19945.63, "direction": "sell", "amount": 2.0}, {"trade_seq": 2297, "trade_id": "222627847", "timestamp": 1657584071610, "tick_direction": 1, "price": 0.0085, "mark_price": 0.00841572, "iv": 80.99, "instrument_name": "BTC-30DEC22-60000-C", "index_price": 19945.76, "direction": "sell", "amount": 2.1}, {"trade_seq": 2296, "trade_id": "222591667", "timestamp": 1657548233063, "tick_direction": 0, "price": 0.0085, "mark_price": 0.00824425, "iv": 79.83, "instrument_name": "BTC-30DEC22-60000-C", "index_price": 20321.78, "direction": "buy", "amount": 0.1}, {"trade_seq": 2295, "trade_id": "222585374", "timestamp": 1657546521842, "tick_direction": 2, "price": 0.008, "mark_price": 0.00826771, "iv": 78.47, "instrument_name": "BTC-30DEC22-60000-C", "index_price": 20527.8, "direction": "sell", "amount": 2.1}, {"trade_seq": 2294, "trade_id": "222395058", "timestamp": 1657297805597, "tick_direction": 3, "price": 0.011, "mark_price": 0.01088426, "iv": 78.92, "instrument_name": "BTC-30DEC22-60000-C", "index_price": 21653.88, "direction": "buy", "amount": 1.9}, {"trade_seq": 2293, "trade_id": "222395051", "timestamp": 1657297804333, "tick_direction": 3, "price": 0.011, "mark_price": 0.01088623, "iv": 78.9, "instrument_name": "BTC-30DEC22-60000-C", "index_price": 21661.28, "direction": "buy", "amount": 2.1}, {"trade_seq": 2292, "trade_id": "222344735", "timestamp": 1657270391935, "tick_direction": 3, "price": 0.011, "mark_price": 0.01096782, "iv": 79.08, "instrument_name": "BTC-30DEC22-60000-C", "index_price": 21559.14, "direction": "buy", "amount": 5.0}, {"trade_seq": 2291, "trade_id": "222344219", "timestamp": 1657269929340, "tick_direction": 3, "price": 0.011, "mark_price": 0.01117828, "iv": 78.85, "instrument_name": "BTC-30DEC22-60000-C", "index_price": 21659.76, "direction": "buy", "amount": 3.7}, {"trade_seq": 2290, "trade_id": "222344218", "timestamp": 1657269929305, "tick_direction": 3, "price": 0.011, "mark_price": 0.01117828, "iv": 78.85, "instrument_name": "BTC-30DEC22-60000-C", "index_price": 21659.76, "direction": "sell", "amount": 1.3}, {"trade_seq": 2289, "trade_id": "222338969", "timestamp": 1657266750954, "tick_direction": 3, "price": 0.011, "mark_price": 0.01127998, "iv": 78.49, "instrument_name": "BTC-30DEC22-60000-C", "index_price": 21787.98, "direction": "buy", "amount": 0.5}, {"trade_seq": 2288, "trade_id": "222338968", "timestamp": 1657266750949, "tick_direction": 3, "price": 0.011, "mark_price": 0.01127998, "iv": 78.49, "instrument_name": "BTC-30DEC22-60000-C", "index_price": 21787.98, "direction": "buy", "amount": 4.5}, {"trade_seq": 2287, "trade_id": "222338948", "timestamp": 1657266727909, "tick_direction": 3, "price": 0.011, "mark_price": 0.01130064, "iv": 78.48, "instrument_name": "BTC-30DEC22-60000-C", "index_price": 21791.12, "direction": "buy", "amount": 5.0}, {"trade_seq": 2286, "trade_id": "222338920", "timestamp": 1657266698335, "tick_direction": 3, "price": 0.011, "mark_price": 0.01130941, "iv": 78.49, "instrument_name": "BTC-30DEC22-60000-C", "index_price": 21785.17, "direction": "buy", "amount": 3.8}, {"trade_seq": 2285, "trade_id": "222338919", "timestamp": 1657266698333, "tick_direction": 2, "price": 0.011, "mark_price": 0.01130941, "iv": 78.49, "instrument_name": "BTC-30DEC22-60000-C", "index_price": 21785.17, "direction": "sell", "amount": 1.2}, {"trade_seq": 2284, "trade_id": "222323553", "timestamp": 1657254094608, "tick_direction": 1, "price": 0.012, "mark_price": 0.0115995, "iv": 78.62, "instrument_name": "BTC-30DEC22-60000-C", "index_price": 22171.4, "direction": "buy", "amount": 4.0}, {"trade_seq": 2283, "trade_id": "222323552", "timestamp": 1657254094608, "tick_direction": 0, "price": 0.012, "mark_price": 0.0115995, "iv": 78.62, "instrument_name": "BTC-30DEC22-60000-C", "index_price": 22171.4, "direction": "buy", "amount": 1.9}, {"trade_seq": 2282, "trade_id": "222302435", "timestamp": 1657241575430, "tick_direction": 0, "price": 0.011, "mark_price": 0.011298, "iv": 78.68, "instrument_name": "BTC-30DEC22-60000-C", "index_price": 21684.64, "direction": "buy", "amount": 0.1}, {"trade_seq": 2281, "trade_id": "222279153", "timestamp": 1657222074166, "tick_direction": 1, "price": 0.0105, "mark_price": 0.01031793, "iv": 78.59, "instrument_name": "BTC-30DEC22-60000-C", "index_price": 21470.45, "direction": "buy", "amount": 4.0}, {"trade_seq": 2280, "trade_id": "222276908", "timestamp": 1657220813728, "tick_direction": 1, "price": 0.0105, "mark_price": 0.00993127, "iv": 78.72, "instrument_name": "BTC-30DEC22-60000-C", "index_price": 21424.09, "direction": "buy", "amount": 4.0}, {"trade_seq": 2279, "trade_id": "222276907", "timestamp": 1657220813728, "tick_direction": 0, "price": 0.0105, "mark_price": 0.00993127, "iv": 78.72, "instrument_name": "BTC-30DEC22-60000-C", "index_price": 21424.09, "direction": "buy", "amount": 1.8}, {"trade_seq": 2278, "trade_id": "222248881", "timestamp": 1657204931191, "tick_direction": 0, "price": 0.0095, "mark_price": 0.00975359, "iv": 78.81, "instrument_name": "BTC-30DEC22-60000-C", "index_price": 20867.52, "direction": "buy", "amount": 0.1}, {"trade_seq": 2277, "trade_id": "222208896", "timestamp": 1657160650503, "tick_direction": 3, "price": 0.009, "mark_price": 0.00934322, "iv": 79.22, "instrument_name": "BTC-30DEC22-60000-C", "index_price": 20409.86, "direction": "sell", "amount": 3.6}, {"trade_seq": 2276, "trade_id": "222208895", "timestamp": 1657160650503, "tick_direction": 3, "price": 0.009, "mark_price": 0.00934322, "iv": 79.22, "instrument_name": "BTC-30DEC22-60000-C", "index_price": 20409.86, "direction": "sell", "amount": 1.4}, {"trade_seq": 2275, "trade_id": "222208150", "timestamp": 1657160247272, "tick_direction": 3, "price": 0.009, "mark_price": 0.00938372, "iv": 79.04, "instrument_name": "BTC-30DEC22-60000-C", "index_price": 20470.01, "direction": "sell", "amount": 0.1}, {"trade_seq": 2274, "trade_id": "222167158", "timestamp": 1657123686904, "tick_direction": 3, "price": 0.009, "mark_price": 0.00951734, "iv": 79.87, "instrument_name": "BTC-30DEC22-60000-C", "index_price": 20132.56, "direction": "sell", "amount": 2.7}, {"trade_seq": 2273, "trade_id": "222167157", "timestamp": 1657123686904, "tick_direction": 2, "price": 0.009, "mark_price": 0.00951734, "iv": 79.87, "instrument_name": "BTC-30DEC22-60000-C", "index_price": 20132.56, "direction": "sell", "amount": 2.3}, {"trade_seq": 2272, "trade_id": "221986306", "timestamp": 1657024573822, "tick_direction": 1, "price": 0.0095, "mark_price": 0.00855393, "iv": 82.35, "instrument_name": "BTC-30DEC22-60000-C", "index_price": 19411.09, "direction": "buy", "amount": 1.8}, {"trade_seq": 2271, "trade_id": "221986305", "timestamp": 1657024573822, "tick_direction": 0, "price": 0.0095, "mark_price": 0.00855393, "iv": 82.35, "instrument_name": "BTC-30DEC22-60000-C", "index_price": 19411.09, "direction": "buy", "amount": 15.0}, {"trade_seq": 2270, "trade_id": "221986304", "timestamp": 1657024572134, "tick_direction": 2, "price": 0.009, "mark_price": 0.00854769, "iv": 81.63, "instrument_name": "BTC-30DEC22-60000-C", "index_price": 19410.73, "direction": "buy", "amount": 1.8}, {"trade_seq": 2269, "trade_id": "221913161", "timestamp": 1656980075957, "tick_direction": 0, "price": 0.0095, "mark_price": 0.00914523, "iv": 79.73, "instrument_name": "BTC-30DEC22-60000-C", "index_price": 20319.49, "direction": "buy", "amount": 1.0}, {"trade_seq": 2268, "trade_id": "221862197", "timestamp": 1656952052730, "tick_direction": 3, "price": 0.009, "mark_price": 0.0094918, "iv": 80.71, "instrument_name": "BTC-30DEC22-60000-C", "index_price": 19699.23, "direction": "sell", "amount": 14.4}, {"trade_seq": 2267, "trade_id": "221862149", "timestamp": 1656952022330, "tick_direction": 3, "price": 0.009, "mark_price": 0.0095125, "iv": 80.75, "instrument_name": "BTC-30DEC22-60000-C", "index_price": 19689.85, "direction": "sell", "amount": 0.6}, {"trade_seq": 2266, "trade_id": "221862148", "timestamp": 1656952022330, "tick_direction": 3, "price": 0.009, "mark_price": 0.0095125, "iv": 80.75, "instrument_name": "BTC-30DEC22-60000-C", "index_price": 19689.85, "direction": "sell", "amount": 0.4}, {"trade_seq": 2265, "trade_id": "221862121", "timestamp": 1656952001610, "tick_direction": 2, "price": 0.009, "mark_price": 0.00956308, "iv": 80.74, "instrument_name": "BTC-30DEC22-60000-C", "index_price": 19690.1, "direction": "sell", "amount": 1.0}, {"trade_seq": 2264, "trade_id": "221749898", "timestamp": 1656828799288, "tick_direction": 0, "price": 0.011, "mark_price": 0.01129272, "iv": 85.09, "instrument_name": "BTC-30DEC22-60000-C", "index_price": 19053.96, "direction": "sell", "amount": 1.0}, {"trade_seq": 2263, "trade_id": "221532372", "timestamp": 1656635356838, "tick_direction": 0, "price": 0.0105, "mark_price": 0.01061279, "iv": 80.45, "instrument_name": "BTC-30DEC22-60000-C", "index_price": 20279.71, "direction": "buy", "amount": 2.0}, {"trade_seq": 2262, "trade_id": "221517769", "timestamp": 1656633055968, "tick_direction": 1, "price": 0.01, "mark_price": 0.00987221, "iv": 81.88, "instrument_name": "BTC-30DEC22-60000-C", "index_price": 19547.2, "direction": "buy", "amount": 0.5}, {"trade_seq": 2261, "trade_id": "221517315", "timestamp": 1656633024435, "tick_direction": 1, "price": 0.01, "mark_price": 0.00970955, "iv": 82.06, "instrument_name": "BTC-30DEC22-60000-C", "index_price": 19487.48, "direction": "buy", "amount": 2.2}, {"trade_seq": 2260, "trade_id": "221513278", "timestamp": 1656632015166, "tick_direction": 1, "price": 0.01, "mark_price": 0.00928221, "iv": 83.19, "instrument_name": "BTC-30DEC22-60000-C", "index_price": 19064.16, "direction": "buy", "amount": 7.9}, {"trade_seq": 2259, "trade_id": "221512848", "timestamp": 1656631859627, "tick_direction": 0, "price": 0.01, "mark_price": 0.00943256, "iv": 83.24, "instrument_name": "BTC-30DEC22-60000-C", "index_price": 19053.24, "direction": "buy", "amount": 6.5}, {"trade_seq": 2258, "trade_id": "221482139", "timestamp": 1656616660462, "tick_direction": 2, "price": 0.0095, "mark_price": 0.00944775, "iv": 82.91, "instrument_name": "BTC-30DEC22-60000-C", "index_price": 18891.3, "direction": "buy", "amount": 2.4}, {"trade_seq": 2257, "trade_id": "221425403", "timestamp": 1656581127162, "tick_direction": 3, "price": 0.01, "mark_price": 0.00982288, "iv": 83.29, "instrument_name": "BTC-30DEC22-60000-C", "index_price": 18982.54, "direction": "sell", "amount": 0.4}, {"trade_seq": 2256, "trade_id": "221392153", "timestamp": 1656570610076, "tick_direction": 3, "price": 0.01, "mark_price": 0.00999874, "iv": 81.51, "instrument_name": "BTC-30DEC22-60000-C", "index_price": 19607.5, "direction": "sell", "amount": 0.1}, {"trade_seq": 2255, "trade_id": "221392126", "timestamp": 1656570609955, "tick_direction": 2, "price": 0.01, "mark_price": 0.00999874, "iv": 81.51, "instrument_name": "BTC-30DEC22-60000-C", "index_price": 19607.5, "direction": "sell", "amount": 6.0}, {"trade_seq": 2254, "trade_id": "221337247", "timestamp": 1656523930552, "tick_direction": 0, "price": 0.0105, "mark_price": 0.010149, "iv": 81.08, "instrument_name": "BTC-30DEC22-60000-C", "index_price": 19953.56, "direction": "buy", "amount": 0.1}, {"trade_seq": 2253, "trade_id": "221281110", "timestamp": 1656493071679, "tick_direction": 3, "price": 0.0095, "mark_price": 0.01017049, "iv": 79.62, "instrument_name": "BTC-30DEC22-60000-C", "index_price": 19970.39, "direction": "sell", "amount": 4.0}, {"trade_seq": 2252, "trade_id": "221281109", "timestamp": 1656493071679, "tick_direction": 2, "price": 0.0095, "mark_price": 0.01017049, "iv": 79.62, "instrument_name": "BTC-30DEC22-60000-C", "index_price": 19970.39, "direction": "sell", "amount": 14.5}, {"trade_seq": 2251, "trade_id": "221216715", "timestamp": 1656447831551, "tick_direction": 3, "price": 0.0105, "mark_price": 0.01062532, "iv": 80.11, "instrument_name": "BTC-30DEC22-60000-C", "index_price": 20221.46, "direction": "buy", "amount": 2.5}, {"trade_seq": 2250, "trade_id": "221210252", "timestamp": 1656444865854, "tick_direction": 2, "price": 0.0105, "mark_price": 0.01077613, "iv": 79.84, "instrument_name": "BTC-30DEC22-60000-C", "index_price": 20314.46, "direction": "sell", "amount": 0.5}, {"trade_seq": 2249, "trade_id": "221175923", "timestamp": 1656424642124, "tick_direction": 1, "price": 0.012, "mark_price": 0.01172615, "iv": 79.61, "instrument_name": "BTC-30DEC22-60000-C", "index_price": 21039.73, "direction": "sell", "amount": 4.0}, {"trade_seq": 2248, "trade_id": "221157730", "timestamp": 1656404369399, "tick_direction": 0, "price": 0.012, "mark_price": 0.01177618, "iv": 80.1, "instrument_name": "BTC-30DEC22-60000-C", "index_price": 20870.17, "direction": "buy", "amount": 1.0}, {"trade_seq": 2247, "trade_id": "221153675", "timestamp": 1656398079908, "tick_direction": 1, "price": 0.0115, "mark_price": 0.01110953, "iv": 79.61, "instrument_name": "BTC-30DEC22-60000-C", "index_price": 20832.79, "direction": "buy", "amount": 4.9}, {"trade_seq": 2246, "trade_id": "221153674", "timestamp": 1656398079908, "tick_direction": 0, "price": 0.0115, "mark_price": 0.01110953, "iv": 79.61, "instrument_name": "BTC-30DEC22-60000-C", "index_price": 20832.79, "direction": "buy", "amount": 0.2}, {"trade_seq": 2245, "trade_id": "221138497", "timestamp": 1656376781031, "tick_direction": 3, "price": 0.011, "mark_price": 0.01137732, "iv": 79.17, "instrument_name": "BTC-30DEC22-60000-C", "index_price": 20723.65, "direction": "sell", "amount": 0.5}, {"trade_seq": 2244, "trade_id": "221138496", "timestamp": 1656376781031, "tick_direction": 3, "price": 0.011, "mark_price": 0.01137732, "iv": 79.17, "instrument_name": "BTC-30DEC22-60000-C", "index_price": 20723.65, "direction": "sell", "amount": 27.0}, {"trade_seq": 2243, "trade_id": "221138495", "timestamp": 1656376781031, "tick_direction": 2, "price": 0.011, "mark_price": 0.01137732, "iv": 79.17, "instrument_name": "BTC-30DEC22-60000-C", "index_price": 20723.65, "direction": "sell", "amount": 1.5}, {"trade_seq": 2242, "trade_id": "221066537", "timestamp": 1656312787325, "tick_direction": 1, "price": 0.0115, "mark_price": 0.01165888, "iv": 78.27, "instrument_name": "BTC-30DEC22-60000-C", "index_price": 21229.35, "direction": "buy", "amount": 0.2}, {"trade_seq": 2241, "trade_id": "221041664", "timestamp": 1656282295669, "tick_direction": 0, "price": 0.0115, "mark_price": 0.01129132, "iv": 78.39, "instrument_name": "BTC-30DEC22-60000-C", "index_price": 21157.27, "direction": "buy", "amount": 1.0}, {"trade_seq": 2240, "trade_id": "221041652", "timestamp": 1656282271117, "tick_direction": 1, "price": 0.011, "mark_price": 0.01125431, "iv": 77.75, "instrument_name": "BTC-30DEC22-60000-C", "index_price": 21171.05, "direction": "buy", "amount": 1.0}, {"trade_seq": 2239, "trade_id": "221041651", "timestamp": 1656282271117, "tick_direction": 0, "price": 0.011, "mark_price": 0.01125431, "iv": 77.75, "instrument_name": "BTC-30DEC22-60000-C", "index_price": 21171.05, "direction": "buy", "amount": 1.0}, {"trade_seq": 2238, "trade_id": "221039520", "timestamp": 1656280975647, "tick_direction": 3, "price": 0.0105, "mark_price": 0.01097472, "iv": 76.7, "instrument_name": "BTC-30DEC22-60000-C", "index_price": 21321.45, "direction": "sell", "amount": 1.0}, {"trade_seq": 2237, "trade_id": "221039515", "timestamp": 1656280973108, "tick_direction": 3, "price": 0.0105, "mark_price": 0.01098135, "iv": 76.7, "instrument_name": "BTC-30DEC22-60000-C", "index_price": 21324.26, "direction": "sell", "amount": 1.0}, {"trade_seq": 2236, "trade_id": "221039514", "timestamp": 1656280969995, "tick_direction": 3, "price": 0.0105, "mark_price": 0.01099028, "iv": 76.68, "instrument_name": "BTC-30DEC22-60000-C", "index_price": 21331.58, "direction": "sell", "amount": 1.0}, {"trade_seq": 2235, "trade_id": "221039510", "timestamp": 1656280967446, "tick_direction": 3, "price": 0.0105, "mark_price": 0.010976, "iv": 76.68, "instrument_name": "BTC-30DEC22-60000-C", "index_price": 21327.98, "direction": "sell", "amount": 1.0}, {"trade_seq": 2234, "trade_id": "221039497", "timestamp": 1656280964469, "tick_direction": 3, "price": 0.0105, "mark_price": 0.01096388, "iv": 76.69, "instrument_name": "BTC-30DEC22-60000-C", "index_price": 21323.66, "direction": "sell", "amount": 1.0}, {"trade_seq": 2233, "trade_id": "221039494", "timestamp": 1656280961231, "tick_direction": 2, "price": 0.0105, "mark_price": 0.01093255, "iv": 76.71, "instrument_name": "BTC-30DEC22-60000-C", "index_price": 21315.42, "direction": "sell", "amount": 1.0}, {"trade_seq": 2232, "trade_id": "221038885", "timestamp": 1656280329758, "tick_direction": 1, "price": 0.011, "mark_price": 0.01115247, "iv": 77.26, "instrument_name": "BTC-30DEC22-60000-C", "index_price": 21362.46, "direction": "buy", "amount": 1.0}, {"trade_seq": 2231, "trade_id": "221038884", "timestamp": 1656280329758, "tick_direction": 1, "price": 0.011, "mark_price": 0.01115247, "iv": 77.26, "instrument_name": "BTC-30DEC22-60000-C", "index_price": 21362.46, "direction": "buy", "amount": 1.0}, {"trade_seq": 2230, "trade_id": "221038877", "timestamp": 1656280318837, "tick_direction": 1, "price": 0.011, "mark_price": 0.01116006, "iv": 77.27, "instrument_name": "BTC-30DEC22-60000-C", "index_price": 21361.32, "direction": "buy", "amount": 1.0}, {"trade_seq": 2229, "trade_id": "221038876", "timestamp": 1656280318837, "tick_direction": 1, "price": 0.011, "mark_price": 0.01116006, "iv": 77.27, "instrument_name": "BTC-30DEC22-60000-C", "index_price": 21361.32, "direction": "buy", "amount": 1.0}, {"trade_seq": 2228, "trade_id": "221038875", "timestamp": 1656280318837, "tick_direction": 1, "price": 0.011, "mark_price": 0.01116006, "iv": 77.27, "instrument_name": "BTC-30DEC22-60000-C", "index_price": 21361.32, "direction": "buy", "amount": 1.0}, {"trade_seq": 2227, "trade_id": "221038874", "timestamp": 1656280318837, "tick_direction": 1, "price": 0.011, "mark_price": 0.01116006, "iv": 77.27, "instrument_name": "BTC-30DEC22-60000-C", "index_price": 21361.32, "direction": "buy", "amount": 1.0}, {"trade_seq": 2226, "trade_id": "221038873", "timestamp": 1656280305889, "tick_direction": 1, "price": 0.011, "mark_price": 0.01120475, "iv": 77.27, "instrument_name": "BTC-30DEC22-60000-C", "index_price": 21361.56, "direction": "buy", "amount": 1.0}, {"trade_seq": 2225, "trade_id": "221038872", "timestamp": 1656280303979, "tick_direction": 1, "price": 0.011, "mark_price": 0.01120135, "iv": 77.27, "instrument_name": "BTC-30DEC22-60000-C", "index_price": 21361.64, "direction": "buy", "amount": 1.0}, {"trade_seq": 2224, "trade_id": "221038871", "timestamp": 1656280301213, "tick_direction": 1, "price": 0.011, "mark_price": 0.01120985, "iv": 77.27, "instrument_name": "BTC-30DEC22-60000-C", "index_price": 21360.27, "direction": "buy", "amount": 1.0}, {"trade_seq": 2223, "trade_id": "221038869", "timestamp": 1656280299741, "tick_direction": 1, "price": 0.011, "mark_price": 0.01121782, "iv": 77.27, "instrument_name": "BTC-30DEC22-60000-C", "index_price": 21360.73, "direction": "buy", "amount": 1.0}, {"trade_seq": 2222, "trade_id": "221038868", "timestamp": 1656280296451, "tick_direction": 1, "price": 0.011, "mark_price": 0.01123451, "iv": 77.27, "instrument_name": "BTC-30DEC22-60000-C", "index_price": 21360.61, "direction": "buy", "amount": 1.0}, {"trade_seq": 2221, "trade_id": "221038866", "timestamp": 1656280294062, "tick_direction": 1, "price": 0.011, "mark_price": 0.01125203, "iv": 77.25, "instrument_name": "BTC-30DEC22-60000-C", "index_price": 21363.69, "direction": "buy", "amount": 1.0}, {"trade_seq": 2220, "trade_id": "221038858", "timestamp": 1656280291762, "tick_direction": 1, "price": 0.011, "mark_price": 0.01126286, "iv": 77.25, "instrument_name": "BTC-30DEC22-60000-C", "index_price": 21367.06, "direction": "buy", "amount": 1.0}, {"trade_seq": 2219, "trade_id": "221033545", "timestamp": 1656269632449, "tick_direction": 0, "price": 0.011, "mark_price": 0.01136743, "iv": 77.64, "instrument_name": "BTC-30DEC22-60000-C", "index_price": 21196.45, "direction": "buy", "amount": 2.0}, {"trade_seq": 2218, "trade_id": "221008319", "timestamp": 1656237588559, "tick_direction": 3, "price": 0.0105, "mark_price": 0.01111422, "iv": 76.35, "instrument_name": "BTC-30DEC22-60000-C", "index_price": 21401.58, "direction": "sell", "amount": 0.1}, {"trade_seq": 2217, "trade_id": "221008263", "timestamp": 1656237506589, "tick_direction": 2, "price": 0.0105, "mark_price": 0.01111766, "iv": 76.36, "instrument_name": "BTC-30DEC22-60000-C", "index_price": 21395.8, "direction": "sell", "amount": 0.1}, {"trade_seq": 2216, "trade_id": "220981483", "timestamp": 1656181101573, "tick_direction": 3, "price": 0.011, "mark_price": 0.0113592, "iv": 77.79, "instrument_name": "BTC-30DEC22-60000-C", "index_price": 21061.0, "direction": "buy", "amount": 5.0}, {"trade_seq": 2215, "trade_id": "220964167", "timestamp": 1656157536737, "tick_direction": 3, "price": 0.011, "mark_price": 0.01145585, "iv": 76.97, "instrument_name": "BTC-30DEC22-60000-C", "index_price": 21345.39, "direction": "sell", "amount": 0.1}, {"trade_seq": 2214, "trade_id": "220952064", "timestamp": 1656138391465, "tick_direction": 2, "price": 0.011, "mark_price": 0.01170215, "iv": 77.37, "instrument_name": "BTC-30DEC22-60000-C", "index_price": 21197.25, "direction": "sell", "amount": 2.0}, {"trade_seq": 2213, "trade_id": "220931767", "timestamp": 1656109271287, "tick_direction": 0, "price": 0.0125, "mark_price": 0.01238538, "iv": 78.23, "instrument_name": "BTC-30DEC22-60000-C", "index_price": 21515.73, "direction": "buy", "amount": 2.0}, {"trade_seq": 2212, "trade_id": "220867041", "timestamp": 1656064853444, "tick_direction": 0, "price": 0.0115, "mark_price": 0.01103178, "iv": 78.84, "instrument_name": "BTC-30DEC22-60000-C", "index_price": 20803.33, "direction": "buy", "amount": 0.8}, {"trade_seq": 2211, "trade_id": "220863250", "timestamp": 1656062524425, "tick_direction": 2, "price": 0.0105, "mark_price": 0.01148253, "iv": 77.16, "instrument_name": "BTC-30DEC22-60000-C", "index_price": 20968.75, "direction": "sell", "amount": 0.1}, {"trade_seq": 2210, "trade_id": "220861570", "timestamp": 1656061466805, "tick_direction": 1, "price": 0.011, "mark_price": 0.01124303, "iv": 77.59, "instrument_name": "BTC-30DEC22-60000-C", "index_price": 21045.61, "direction": "buy", "amount": 4.0}, {"trade_seq": 2209, "trade_id": "220860142", "timestamp": 1656060677246, "tick_direction": 0, "price": 0.011, "mark_price": 0.01136301, "iv": 77.66, "instrument_name": "BTC-30DEC22-60000-C", "index_price": 21014.46, "direction": "sell", "amount": 4.0}, {"trade_seq": 2208, "trade_id": "220853622", "timestamp": 1656058819723, "tick_direction": 3, "price": 0.0105, "mark_price": 0.01531121, "iv": 77.24, "instrument_name": "BTC-30DEC22-60000-C", "index_price": 20970.74, "direction": "sell", "amount": 0.3}, {"trade_seq": 2207, "trade_id": "220850845", "timestamp": 1656058159600, "tick_direction": 2, "price": 0.0105, "mark_price": 0.01594914, "iv": 77.42, "instrument_name": "BTC-30DEC22-60000-C", "index_price": 20931.57, "direction": "sell", "amount": 0.9}, {"trade_seq": 2206, "trade_id": "220812858", "timestamp": 1656033949654, "tick_direction": 1, "price": 0.0115, "mark_price": 0.01196342, "iv": 77.99, "instrument_name": "BTC-30DEC22-60000-C", "index_price": 21155.62, "direction": "buy", "amount": 0.2}, {"trade_seq": 2205, "trade_id": "220812857", "timestamp": 1656033949581, "tick_direction": 0, "price": 0.0115, "mark_price": 0.01196342, "iv": 77.99, "instrument_name": "BTC-30DEC22-60000-C", "index_price": 21155.62, "direction": "buy", "amount": 0.3}, {"trade_seq": 2204, "trade_id": "220777514", "timestamp": 1656014622714, "tick_direction": 0, "price": 0.011, "mark_price": 0.01117833, "iv": 78.28, "instrument_name": "BTC-30DEC22-60000-C", "index_price": 20787.28, "direction": "buy", "amount": 2.0}, {"trade_seq": 2203, "trade_id": "220712467", "timestamp": 1655986364447, "tick_direction": 2, "price": 0.0105, "mark_price": 0.01094128, "iv": 78.06, "instrument_name": "BTC-30DEC22-60000-C", "index_price": 20627.36, "direction": "sell", "amount": 2.0}, {"trade_seq": 2202, "trade_id": "220692038", "timestamp": 1655971909602, "tick_direction": 3, "price": 0.011, "mark_price": 0.01157366, "iv": 78.76, "instrument_name": "BTC-30DEC22-60000-C", "index_price": 20578.04, "direction": "sell", "amount": 1.9}, {"trade_seq": 2201, "trade_id": "220692036", "timestamp": 1655971909487, "tick_direction": 3, "price": 0.011, "mark_price": 0.01157366, "iv": 78.76, "instrument_name": "BTC-30DEC22-60000-C", "index_price": 20578.04, "direction": "buy", "amount": 0.6}, {"trade_seq": 2200, "trade_id": "220692035", "timestamp": 1655971908014, "tick_direction": 3, "price": 0.011, "mark_price": 0.01155323, "iv": 78.78, "instrument_name": "BTC-30DEC22-60000-C", "index_price": 20575.77, "direction": "buy", "amount": 0.1}, {"trade_seq": 2199, "trade_id": "220692034", "timestamp": 1655971907747, "tick_direction": 3, "price": 0.011, "mark_price": 0.01155323, "iv": 78.78, "instrument_name": "BTC-30DEC22-60000-C", "index_price": 20575.77, "direction": "buy", "amount": 0.1}, {"trade_seq": 2198, "trade_id": "220692033", "timestamp": 1655971907737, "tick_direction": 3, "price": 0.011, "mark_price": 0.01155323, "iv": 78.78, "instrument_name": "BTC-30DEC22-60000-C", "index_price": 20575.77, "direction": "buy", "amount": 0.1}, {"trade_seq": 2197, "trade_id": "220692032", "timestamp": 1655971907726, "tick_direction": 3, "price": 0.011, "mark_price": 0.01155323, "iv": 78.78, "instrument_name": "BTC-30DEC22-60000-C", "index_price": 20575.77, "direction": "buy", "amount": 0.1}, {"trade_seq": 2196, "trade_id": "220692031", "timestamp": 1655971907717, "tick_direction": 3, "price": 0.011, "mark_price": 0.01155323, "iv": 78.78, "instrument_name": "BTC-30DEC22-60000-C", "index_price": 20575.77, "direction": "buy", "amount": 0.2}, {"trade_seq": 2195, "trade_id": "220692030", "timestamp": 1655971907705, "tick_direction": 3, "price": 0.011, "mark_price": 0.01155323, "iv": 78.78, "instrument_name": "BTC-30DEC22-60000-C", "index_price": 20575.77, "direction": "buy", "amount": 0.2}, {"trade_seq": 2194, "trade_id": "220692029", "timestamp": 1655971907412, "tick_direction": 3, "price": 0.011, "mark_price": 0.01155191, "iv": 78.78, "instrument_name": "BTC-30DEC22-60000-C", "index_price": 20575.77, "direction": "buy", "amount": 0.5}, {"trade_seq": 2193, "trade_id": "220648336", "timestamp": 1655942078627, "tick_direction": 3, "price": 0.011, "mark_price": 0.01164212, "iv": 80.37, "instrument_name": "BTC-30DEC22-60000-C", "index_price": 19950.94, "direction": "sell", "amount": 0.6}, {"trade_seq": 2192, "trade_id": "220648299", "timestamp": 1655942059581, "tick_direction": 3, "price": 0.011, "mark_price": 0.0117288, "iv": 80.37, "instrument_name": "BTC-30DEC22-60000-C", "index_price": 19956.9, "direction": "sell", "amount": 2.9}, {"trade_seq": 2191, "trade_id": "220648139", "timestamp": 1655941971314, "tick_direction": 3, "price": 0.011, "mark_price": 0.011823, "iv": 80.37, "instrument_name": "BTC-30DEC22-60000-C", "index_price": 19957.8, "direction": "sell", "amount": 2.0}, {"trade_seq": 2190, "trade_id": "220646489", "timestamp": 1655941407218, "tick_direction": 3, "price": 0.011, "mark_price": 0.01180551, "iv": 80.32, "instrument_name": "BTC-30DEC22-60000-C", "index_price": 19982.25, "direction": "sell", "amount": 2.3}, {"trade_seq": 2189, "trade_id": "220645475", "timestamp": 1655940988098, "tick_direction": 3, "price": 0.011, "mark_price": 0.01154995, "iv": 80.24, "instrument_name": "BTC-30DEC22-60000-C", "index_price": 20004.52, "direction": "sell", "amount": 1.9}, {"trade_seq": 2188, "trade_id": "220644266", "timestamp": 1655940379136, "tick_direction": 3, "price": 0.011, "mark_price": 0.011524, "iv": 80.02, "instrument_name": "BTC-30DEC22-60000-C", "index_price": 20090.68, "direction": "sell", "amount": 2.4}, {"trade_seq": 2187, "trade_id": "220644226", "timestamp": 1655940304098, "tick_direction": 3, "price": 0.011, "mark_price": 0.01151873, "iv": 80.05, "instrument_name": "BTC-30DEC22-60000-C", "index_price": 20084.4, "direction": "sell", "amount": 2.7}, {"trade_seq": 2186, "trade_id": "220630755", "timestamp": 1655930916718, "tick_direction": 3, "price": 0.011, "mark_price": 0.01184196, "iv": 80.58, "instrument_name": "BTC-30DEC22-60000-C", "index_price": 19886.02, "direction": "sell", "amount": 0.8}, {"trade_seq": 2185, "trade_id": "220630754", "timestamp": 1655930916704, "tick_direction": 3, "price": 0.011, "mark_price": 0.01184196, "iv": 80.58, "instrument_name": "BTC-30DEC22-60000-C", "index_price": 19886.02, "direction": "sell", "amount": 1.3}, {"trade_seq": 2184, "trade_id": "220630753", "timestamp": 1655930916695, "tick_direction": 3, "price": 0.011, "mark_price": 0.01184196, "iv": 80.58, "instrument_name": "BTC-30DEC22-60000-C", "index_price": 19886.02, "direction": "sell", "amount": 2.0}, {"trade_seq": 2183, "trade_id": "220629069", "timestamp": 1655930195864, "tick_direction": 2, "price": 0.011, "mark_price": 0.01107384, "iv": 80.79, "instrument_name": "BTC-30DEC22-60000-C", "index_price": 19811.14, "direction": "sell", "amount": 0.5}, {"trade_seq": 2182, "trade_id": "220586416", "timestamp": 1655910106019, "tick_direction": 3, "price": 0.012, "mark_price": 0.01118941, "iv": 79.83, "instrument_name": "BTC-30DEC22-60000-C", "index_price": 20591.16, "direction": "buy", "amount": 0.1}, {"trade_seq": 2181, "trade_id": "220585421", "timestamp": 1655909426197, "tick_direction": 3, "price": 0.012, "mark_price": 0.01145706, "iv": 79.64, "instrument_name": "BTC-30DEC22-60000-C", "index_price": 20671.29, "direction": "buy", "amount": 0.1}, {"trade_seq": 2180, "trade_id": "220585420", "timestamp": 1655909426182, "tick_direction": 3, "price": 0.012, "mark_price": 0.01145706, "iv": 79.64, "instrument_name": "BTC-30DEC22-60000-C", "index_price": 20671.29, "direction": "buy", "amount": 0.1}, {"trade_seq": 2179, "trade_id": "220585416", "timestamp": 1655909425695, "tick_direction": 3, "price": 0.012, "mark_price": 0.01145018, "iv": 79.65, "instrument_name": "BTC-30DEC22-60000-C", "index_price": 20671.29, "direction": "buy", "amount": 0.1}, {"trade_seq": 2178, "trade_id": "220585415", "timestamp": 1655909425454, "tick_direction": 3, "price": 0.012, "mark_price": 0.01145018, "iv": 79.66, "instrument_name": "BTC-30DEC22-60000-C", "index_price": 20667.19, "direction": "buy", "amount": 0.1}, {"trade_seq": 2177, "trade_id": "220585414", "timestamp": 1655909425400, "tick_direction": 3, "price": 0.012, "mark_price": 0.01145018, "iv": 79.66, "instrument_name": "BTC-30DEC22-60000-C", "index_price": 20667.19, "direction": "buy", "amount": 0.1}, {"trade_seq": 2176, "trade_id": "220585413", "timestamp": 1655909425369, "tick_direction": 3, "price": 0.012, "mark_price": 0.01145018, "iv": 79.66, "instrument_name": "BTC-30DEC22-60000-C", "index_price": 20667.19, "direction": "buy", "amount": 0.2}, {"trade_seq": 2175, "trade_id": "220585412", "timestamp": 1655909425348, "tick_direction": 3, "price": 0.012, "mark_price": 0.01145018, "iv": 79.66, "instrument_name": "BTC-30DEC22-60000-C", "index_price": 20667.19, "direction": "buy", "amount": 0.1}, {"trade_seq": 2174, "trade_id": "220502030", "timestamp": 1655863356676, "tick_direction": 3, "price": 0.012, "mark_price": 0.01186507, "iv": 80.21, "instrument_name": "BTC-30DEC22-60000-C", "index_price": 20393.96, "direction": "sell", "amount": 0.1}, {"trade_seq": 2173, "trade_id": "220502022", "timestamp": 1655863356637, "tick_direction": 3, "price": 0.012, "mark_price": 0.01186507, "iv": 80.21, "instrument_name": "BTC-30DEC22-60000-C", "index_price": 20393.96, "direction": "sell", "amount": 0.3}, {"trade_seq": 2172, "trade_id": "220501994", "timestamp": 1655863355943, "tick_direction": 3, "price": 0.012, "mark_price": 0.01186507, "iv": 80.21, "instrument_name": "BTC-30DEC22-60000-C", "index_price": 20393.96, "direction": "sell", "amount": 0.2}, {"trade_seq": 2171, "trade_id": "220501993", "timestamp": 1655863355708, "tick_direction": 3, "price": 0.012, "mark_price": 0.01186253, "iv": 80.19, "instrument_name": "BTC-30DEC22-60000-C", "index_price": 20399.86, "direction": "sell", "amount": 0.2}, {"trade_seq": 2170, "trade_id": "220501991", "timestamp": 1655863355671, "tick_direction": 3, "price": 0.012, "mark_price": 0.01186253, "iv": 80.19, "instrument_name": "BTC-30DEC22-60000-C", "index_price": 20399.86, "direction": "sell", "amount": 0.1}, {"trade_seq": 2169, "trade_id": "220501989", "timestamp": 1655863355632, "tick_direction": 3, "price": 0.012, "mark_price": 0.01186253, "iv": 80.19, "instrument_name": "BTC-30DEC22-60000-C", "index_price": 20399.86, "direction": "sell", "amount": 0.2}, {"trade_seq": 2168, "trade_id": "220501987", "timestamp": 1655863355611, "tick_direction": 3, "price": 0.012, "mark_price": 0.01186253, "iv": 80.19, "instrument_name": "BTC-30DEC22-60000-C", "index_price": 20399.86, "direction": "sell", "amount": 0.1}, {"trade_seq": 2167, "trade_id": "220501983", "timestamp": 1655863355235, "tick_direction": 3, "price": 0.012, "mark_price": 0.01186253, "iv": 80.19, "instrument_name": "BTC-30DEC22-60000-C", "index_price": 20399.86, "direction": "sell", "amount": 0.2}, {"trade_seq": 2166, "trade_id": "220501978", "timestamp": 1655863355174, "tick_direction": 3, "price": 0.012, "mark_price": 0.01186253, "iv": 80.19, "instrument_name": "BTC-30DEC22-60000-C", "index_price": 20399.86, "direction": "sell", "amount": 0.1}, {"trade_seq": 2165, "trade_id": "220501973", "timestamp": 1655863354998, "tick_direction": 3, "price": 0.012, "mark_price": 0.01186253, "iv": 80.19, "instrument_name": "BTC-30DEC22-60000-C", "index_price": 20399.86, "direction": "sell", "amount": 0.2}, {"trade_seq": 2164, "trade_id": "220501961", "timestamp": 1655863349292, "tick_direction": 3, "price": 0.012, "mark_price": 0.01183798, "iv": 80.19, "instrument_name": "BTC-30DEC22-60000-C", "index_price": 20400.01, "direction": "sell", "amount": 0.1}, {"trade_seq": 2163, "trade_id": "220501960", "timestamp": 1655863349278, "tick_direction": 3, "price": 0.012, "mark_price": 0.01183798, "iv": 80.19, "instrument_name": "BTC-30DEC22-60000-C", "index_price": 20400.01, "direction": "sell", "amount": 0.1}, {"trade_seq": 2162, "trade_id": "220501958", "timestamp": 1655863348761, "tick_direction": 2, "price": 0.012, "mark_price": 0.01183798, "iv": 80.19, "instrument_name": "BTC-30DEC22-60000-C", "index_price": 20400.01, "direction": "sell", "amount": 0.1}, {"trade_seq": 2161, "trade_id": "220495299", "timestamp": 1655858984790, "tick_direction": 3, "price": 0.0125, "mark_price": 0.01229806, "iv": 80.23, "instrument_name": "BTC-30DEC22-60000-C", "index_price": 20599.95, "direction": "sell", "amount": 0.4}, {"trade_seq": 2160, "trade_id": "220485011", "timestamp": 1655853820276, "tick_direction": 3, "price": 0.0125, "mark_price": 0.01242109, "iv": 79.95, "instrument_name": "BTC-30DEC22-60000-C", "index_price": 20696.99, "direction": "sell", "amount": 0.6}, {"trade_seq": 2159, "trade_id": "220485010", "timestamp": 1655853820276, "tick_direction": 3, "price": 0.0125, "mark_price": 0.01242109, "iv": 79.95, "instrument_name": "BTC-30DEC22-60000-C", "index_price": 20696.99, "direction": "sell", "amount": 1.2}, {"trade_seq": 2158, "trade_id": "220484850", "timestamp": 1655853772616, "tick_direction": 2, "price": 0.0125, "mark_price": 0.01251965, "iv": 79.82, "instrument_name": "BTC-30DEC22-60000-C", "index_price": 20750.66, "direction": "sell", "amount": 1.8}, {"trade_seq": 2157, "trade_id": "220459258", "timestamp": 1655836660414, "tick_direction": 1, "price": 0.013, "mark_price": 0.01231369, "iv": 79.34, "instrument_name": "BTC-30DEC22-60000-C", "index_price": 21116.53, "direction": "sell", "amount": 0.8}, {"trade_seq": 2156, "trade_id": "220448944", "timestamp": 1655830100584, "tick_direction": 1, "price": 0.013, "mark_price": 0.01282319, "iv": 78.69, "instrument_name": "BTC-30DEC22-60000-C", "index_price": 21371.2, "direction": "sell", "amount": 1.0}, {"trade_seq": 2155, "trade_id": "220444967", "timestamp": 1655826292288, "tick_direction": 0, "price": 0.013, "mark_price": 0.01277017, "iv": 78.65, "instrument_name": "BTC-30DEC22-60000-C", "index_price": 21372.01, "direction": "sell", "amount": 1.0}, {"trade_seq": 2154, "trade_id": "220382835", "timestamp": 1655798245197, "tick_direction": 3, "price": 0.0105, "mark_price": 0.01178532, "iv": 76.32, "instrument_name": "BTC-30DEC22-60000-C", "index_price": 21095.77, "direction": "sell", "amount": 0.1}, {"trade_seq": 2153, "trade_id": "219784910", "timestamp": 1655577101053, "tick_direction": 0, "price": 0.0145, "mark_price": 0.01080737, "iv": 88.06, "instrument_name": "BTC-30DEC22-60000-C", "index_price": 18315.93, "direction": "buy", "amount": 1.0}, {"trade_seq": 2152, "trade_id": "219734423", "timestamp": 1655556464153, "tick_direction": 2, "price": 0.008, "mark_price": 0.01033652, "iv": 77.35, "instrument_name": "BTC-30DEC22-60000-C", "index_price": 19154.64, "direction": "sell", "amount": 1.0}, {"trade_seq": 2151, "trade_id": "219698031", "timestamp": 1655543406863, "tick_direction": 0, "price": 0.0105, "mark_price": 0.00926078, "iv": 81.44, "instrument_name": "BTC-30DEC22-60000-C", "index_price": 18946.28, "direction": "buy", "amount": 1.0}, {"trade_seq": 2150, "trade_id": "219657189", "timestamp": 1655537349233, "tick_direction": 2, "price": 0.01, "mark_price": 0.01130699, "iv": 80.24, "instrument_name": "BTC-30DEC22-60000-C", "index_price": 19183.72, "direction": "sell", "amount": 20.0}, {"trade_seq": 2149, "trade_id": "219519190", "timestamp": 1655470816734, "tick_direction": 2, "price": 0.011, "mark_price": 0.0110567, "iv": 77.24, "instrument_name": "BTC-30DEC22-60000-C", "index_price": 20618.73, "direction": "buy", "amount": 2.7}, {"trade_seq": 2148, "trade_id": "219490676", "timestamp": 1655458705000, "tick_direction": 3, "price": 0.012, "mark_price": 0.01256547, "iv": 77.33, "instrument_name": "BTC-30DEC22-60000-C", "index_price": 21016.54, "direction": "buy", "amount": 2.2}, {"trade_seq": 2147, "trade_id": "219490675", "timestamp": 1655458702964, "tick_direction": 3, "price": 0.012, "mark_price": 0.01256959, "iv": 77.33, "instrument_name": "BTC-30DEC22-60000-C", "index_price": 21017.16, "direction": "buy", "amount": 2.8}, {"trade_seq": 2146, "trade_id": "219490674", "timestamp": 1655458700929, "tick_direction": 3, "price": 0.012, "mark_price": 0.01258574, "iv": 77.33, "instrument_name": "BTC-30DEC22-60000-C", "index_price": 21017.11, "direction": "buy", "amount": 3.7}, {"trade_seq": 2145, "trade_id": "219490673", "timestamp": 1655458699874, "tick_direction": 2, "price": 0.012, "mark_price": 0.01259989, "iv": 77.33, "instrument_name": "BTC-30DEC22-60000-C", "index_price": 21018.54, "direction": "buy", "amount": 4.8}, {"trade_seq": 2144, "trade_id": "219303012", "timestamp": 1655392823263, "tick_direction": 1, "price": 0.0135, "mark_price": 0.01285285, "iv": 78.73, "instrument_name": "BTC-30DEC22-60000-C", "index_price": 21031.56, "direction": "buy", "amount": 2.0}, {"trade_seq": 2143, "trade_id": "219302984", "timestamp": 1655392815807, "tick_direction": 1, "price": 0.0135, "mark_price": 0.01283995, "iv": 78.71, "instrument_name": "BTC-30DEC22-60000-C", "index_price": 21041.66, "direction": "buy", "amount": 2.7}, {"trade_seq": 2142, "trade_id": "219302960", "timestamp": 1655392809668, "tick_direction": 1, "price": 0.0135, "mark_price": 0.01281641, "iv": 78.72, "instrument_name": "BTC-30DEC22-60000-C", "index_price": 21034.42, "direction": "buy", "amount": 3.3}, {"trade_seq": 2141, "trade_id": "219271013", "timestamp": 1655387110914, "tick_direction": 1, "price": 0.0135, "mark_price": 0.01282722, "iv": 78.77, "instrument_name": "BTC-30DEC22-60000-C", "index_price": 21043.86, "direction": "buy", "amount": 2.1}, {"trade_seq": 2140, "trade_id": "219206623", "timestamp": 1655359399064, "tick_direction": 1, "price": 0.0135, "mark_price": 0.01218011, "iv": 76.39, "instrument_name": "BTC-30DEC22-60000-C", "index_price": 21932.17, "direction": "buy", "amount": 2.2}, {"trade_seq": 2139, "trade_id": "219206157", "timestamp": 1655359165710, "tick_direction": 0, "price": 0.0135, "mark_price": 0.01312105, "iv": 76.43, "instrument_name": "BTC-30DEC22-60000-C", "index_price": 21913.46, "direction": "buy", "amount": 2.9}, {"trade_seq": 2138, "trade_id": "219206155", "timestamp": 1655359165557, "tick_direction": 3, "price": 0.0105, "mark_price": 0.01312105, "iv": 73.06, "instrument_name": "BTC-30DEC22-60000-C", "index_price": 21913.46, "direction": "sell", "amount": 8.0}, {"trade_seq": 2137, "trade_id": "219206154", "timestamp": 1655359165557, "tick_direction": 2, "price": 0.0105, "mark_price": 0.01312105, "iv": 73.06, "instrument_name": "BTC-30DEC22-60000-C", "index_price": 21913.46, "direction": "sell", "amount": 6.7}, {"trade_seq": 2136, "trade_id": "219206144", "timestamp": 1655359150837, "tick_direction": 2, "price": 0.012, "mark_price": 0.01333051, "iv": 74.8, "instrument_name": "BTC-30DEC22-60000-C", "index_price": 21913.28, "direction": "sell", "amount": 10.0}, {"trade_seq": 2135, "trade_id": "219154871", "timestamp": 1655330365101, "tick_direction": 2, "price": 0.013, "mark_price": 0.01371426, "iv": 75.12, "instrument_name": "BTC-30DEC22-60000-C", "index_price": 22202.66, "direction": "sell", "amount": 0.9}, {"trade_seq": 2134, "trade_id": "219031398", "timestamp": 1655311338131, "tick_direction": 2, "price": 0.014, "mark_price": 0.01388579, "iv": 79.66, "instrument_name": "BTC-30DEC22-60000-C", "index_price": 20824.56, "direction": "buy", "amount": 2.3}, {"trade_seq": 2133, "trade_id": "219025509", "timestamp": 1655310691332, "tick_direction": 2, "price": 0.0145, "mark_price": 0.01418972, "iv": 79.6, "instrument_name": "BTC-30DEC22-60000-C", "index_price": 21040.13, "direction": "sell", "amount": 0.1}, {"trade_seq": 2132, "trade_id": "218973091", "timestamp": 1655294173961, "tick_direction": 2, "price": 0.017, "mark_price": 0.0178208, "iv": 82.07, "instrument_name": "BTC-30DEC22-60000-C", "index_price": 21012.36, "direction": "sell", "amount": 0.5}, {"trade_seq": 2131, "trade_id": "218891689", "timestamp": 1655281527719, "tick_direction": 0, "price": 0.018, "mark_price": 0.01690051, "iv": 84.67, "instrument_name": "BTC-30DEC22-60000-C", "index_price": 20413.84, "direction": "sell", "amount": 0.1}, {"trade_seq": 2130, "trade_id": "218865871", "timestamp": 1655276802921, "tick_direction": 2, "price": 0.016, "mark_price": 0.01618976, "iv": 80.13, "instrument_name": "BTC-30DEC22-60000-C", "index_price": 21385.36, "direction": "sell", "amount": 1.3}, {"trade_seq": 2129, "trade_id": "218862823", "timestamp": 1655275787827, "tick_direction": 1, "price": 0.0165, "mark_price": 0.01632184, "iv": 81.09, "instrument_name": "BTC-30DEC22-60000-C", "index_price": 21188.78, "direction": "sell", "amount": 2.1}, {"trade_seq": 2128, "trade_id": "218812935", "timestamp": 1655262364874, "tick_direction": 0, "price": 0.0165, "mark_price": 0.01650906, "iv": 78.96, "instrument_name": "BTC-30DEC22-60000-C", "index_price": 21965.22, "direction": "sell", "amount": 2.1}, {"trade_seq": 2127, "trade_id": "218804452", "timestamp": 1655255534460, "tick_direction": 1, "price": 0.016, "mark_price": 0.01678604, "iv": 78.66, "instrument_name": "BTC-30DEC22-60000-C", "index_price": 21890.66, "direction": "buy", "amount": 0.9}, {"trade_seq": 2126, "trade_id": "218804451", "timestamp": 1655255534457, "tick_direction": 1, "price": 0.016, "mark_price": 0.01678604, "iv": 78.66, "instrument_name": "BTC-30DEC22-60000-C", "index_price": 21890.66, "direction": "sell", "amount": 1.1}, {"trade_seq": 2125, "trade_id": "218804437", "timestamp": 1655255506895, "tick_direction": 0, "price": 0.016, "mark_price": 0.01682836, "iv": 78.77, "instrument_name": "BTC-30DEC22-60000-C", "index_price": 21853.4, "direction": "sell", "amount": 1.0}, {"trade_seq": 2124, "trade_id": "218711458", "timestamp": 1655224202201, "tick_direction": 3, "price": 0.015, "mark_price": 0.01572528, "iv": 75.66, "instrument_name": "BTC-30DEC22-60000-C", "index_price": 22655.88, "direction": "sell", "amount": 1.7}, {"trade_seq": 2123, "trade_id": "218711457", "timestamp": 1655224202201, "tick_direction": 3, "price": 0.015, "mark_price": 0.01572528, "iv": 75.66, "instrument_name": "BTC-30DEC22-60000-C", "index_price": 22655.88, "direction": "sell", "amount": 8.0}, {"trade_seq": 2122, "trade_id": "218711456", "timestamp": 1655224202201, "tick_direction": 3, "price": 0.015, "mark_price": 0.01572528, "iv": 75.66, "instrument_name": "BTC-30DEC22-60000-C", "index_price": 22655.88, "direction": "sell", "amount": 2.7}, {"trade_seq": 2121, "trade_id": "218675589", "timestamp": 1655218568506, "tick_direction": 2, "price": 0.015, "mark_price": 0.01516535, "iv": 76.35, "instrument_name": "BTC-30DEC22-60000-C", "index_price": 22378.32, "direction": "buy", "amount": 2.4}, {"trade_seq": 2120, "trade_id": "218527750", "timestamp": 1655191624554, "tick_direction": 0, "price": 0.017, "mark_price": 0.01746882, "iv": 77.75, "instrument_name": "BTC-30DEC22-60000-C", "index_price": 22449.3, "direction": "sell", "amount": 1.0}, {"trade_seq": 2119, "trade_id": "218372626", "timestamp": 1655169387965, "tick_direction": 0, "price": 0.0155, "mark_price": 0.01516644, "iv": 78.65, "instrument_name": "BTC-30DEC22-60000-C", "index_price": 21560.74, "direction": "buy", "amount": 2.3}, {"trade_seq": 2118, "trade_id": "218334560", "timestamp": 1655164231911, "tick_direction": 3, "price": 0.015, "mark_price": 0.01453031, "iv": 75.95, "instrument_name": "BTC-30DEC22-60000-C", "index_price": 22409.22, "direction": "buy", "amount": 9.0}