{
  "trades": [
    {
      "trade_seq": 142,
      "trade_id": "195967930",
      "timestamp": 1640057662995,
      "tick_direction": 3,
      "price": 0.3715,
      "mark_price": 0.37066274,
      "iv": 127.08,
      "instrument_name": "BTC-31DEC21-30000-C",
      "index_price": 47530.74,
      "direction": "buy",
      "amount": 1.7
    },
    {
      "trade_seq": 141,
      "trade_id": "195967928",
      "timestamp": 1640057662935,
      "tick_direction": 3,
      "price": 0.3715,
      "mark_price": 0.37066274,
      "iv": 127.08,
      "instrument_name": "BTC-31DEC21-30000-C",
      "index_price": 47530.74,
      "direction": "buy",
      "amount": 0.3
    },
    {
      "trade_seq": 140,
      "trade_id": "195967920",
      "timestamp": 1640057662865,
      "tick_direction": 2,
      "price": 0.3715,
      "mark_price": 0.37066274,
      "iv": 127.08,
      "instrument_name": "BTC-31DEC21-30000-C",
      "index_price": 47530.74,
      "direction": "buy",
      "amount": 1.2
    },
    {
      "trade_seq": 139,
      "trade_id": "193342966",
      "timestamp": 1638610819440,
      "tick_direction": 3,
      "price": 0.377,
      "mark_price": 0.37750747,
      "iv": 103.62,
      "instrument_name": "BTC-31DEC21-30000-C",
      "index_price": 47672.34,
      "direction": "buy",
      "amount": 0.5
    },
    {
      "trade_seq": 138,
      "trade_id": "193342104",
      "timestamp": 1638610492797,
      "tick_direction": 2,
      "price": 0.377,
      "mark_price": 0.37732914,
      "iv": 104.56,
      "instrument_name": "BTC-31DEC21-30000-C",
      "index_price": 47664.09,
      "direction": "buy",
      "amount": 1.0
    },
    {
      "trade_seq": 137,
      "trade_id": "191761178",
      "timestamp": 1637913820171,
      "tick_direction": 0,
      "price": 0.48,
      "mark_price": 0.48004172,
      "iv": 108.32,
      "instrument_name": "BTC-31DEC21-30000-C",
      "index_price": 56842.18,
      "direction": "buy",
      "amount": 0.6
    },
    {
      "trade_seq": 136,
      "trade_id": "191758447",
      "timestamp": 1637913476720,
      "tick_direction": 2,
      "price": 0.4795,
      "mark_price": 0.47957184,
      "iv": 108.11,
      "instrument_name": "BTC-31DEC21-30000-C",
      "index_price": 56833.83,
      "direction": "buy",
      "amount": 0.4
    },
    {
      "trade_seq": 135,
      "trade_id": "191747737",
      "timestamp": 1637911928513,
      "tick_direction": 2,
      "price": 0.4855,
      "mark_price": 0.48552302,
      "iv": 108.44,
      "instrument_name": "BTC-31DEC21-30000-C",
      "index_price": 57501.01,
      "direction": "buy",
      "amount": 0.1
    },
    {
      "trade_seq": 134,
      "trade_id": "188479318",
      "timestamp": 1636329204648,
      "tick_direction": 0,
      "price": 0.54,
      "mark_price": 0.53977435,
      "iv": 112.98,
      "instrument_name": "BTC-31DEC21-30000-C",
      "index_price": 63182.97,
      "direction": "buy",
      "amount": 0.5
    },
    {
      "trade_seq": 133,
      "trade_id": "184116044",
      "timestamp": 1634113703931,
      "tick_direction": 0,
      "price": 0.479,
      "mark_price": 0.48483267,
      "iv": 91.12,
      "instrument_name": "BTC-31DEC21-30000-C",
      "index_price": 55123.97,
      "direction": "sell",
      "amount": 0.7
    },
    {
      "trade_seq": 132,
      "trade_id": "182353911",
      "timestamp": 1633084906346,
      "tick_direction": 1,
      "price": 0.412,
      "mark_price": 0.41167333,
      "iv": 95.67,
      "instrument_name": "BTC-31DEC21-30000-C",
      "index_price": 47578.73,
      "direction": "buy",
      "amount": 0.1
    },
    {
      "trade_seq": 131,
      "trade_id": "182353896",
      "timestamp": 1633084906296,
      "tick_direction": 1,
      "price": 0.412,
      "mark_price": 0.41167333,
      "iv": 95.67,
      "instrument_name": "BTC-31DEC21-30000-C",
      "index_price": 47578.73,
      "direction": "buy",
      "amount": 0.1
    },
    {
      "trade_seq": 130,
      "trade_id": "182353887",
      "timestamp": 1633084906231,
      "tick_direction": 0,
      "price": 0.412,
      "mark_price": 0.41167333,
      "iv": 95.67,
      "instrument_name": "BTC-31DEC21-30000-C",
      "index_price": 47578.73,
      "direction": "buy",
      "amount": 2.6
    },
    {
      "trade_seq": 129,
      "trade_id": "181448752",
      "timestamp": 1632495421811,
      "tick_direction": 0,
      "price": 0.353,
      "mark_price": 0.35339491,
      "iv": 91.38,
      "instrument_name": "BTC-31DEC21-30000-C",
      "index_price": 42437.72,
      "direction": "buy",
      "amount": 0.5
    },
    {
      "trade_seq": 128,
      "trade_id": "181382291",
      "timestamp": 1632483417553,
      "tick_direction": 3,
      "price": 0.34,
      "mark_price": 0.34021564,
      "iv": 91.25,
      "instrument_name": "BTC-31DEC21-30000-C",
      "index_price": 41285.6,
      "direction": "buy",
      "amount": 0.9
    },
    {
      "trade_seq": 127,
      "trade_id": "181382278",
      "timestamp": 1632483417063,
      "tick_direction": 2,
      "price": 0.34,
      "mark_price": 0.34021564,
      "iv": 91.3,
      "instrument_name": "BTC-31DEC21-30000-C",
      "index_price": 41285.6,
      "direction": "buy",
      "amount": 0.1
    },
    {
      "trade_seq": 126,
      "trade_id": "177716415",
      "timestamp": 1630672326578,
      "tick_direction": 1,
      "price": 0.4635,
      "mark_price": 0.46312883,
      "iv": 98.66,
      "instrument_name": "BTC-31DEC21-30000-C",
      "index_price": 50715.88,
      "direction": "buy",
      "amount": 0.1
    },
    {
      "trade_seq": 125,
      "trade_id": "177716412",
      "timestamp": 1630672326527,
      "tick_direction": 1,
      "price": 0.4635,
      "mark_price": 0.46313644,
      "iv": 98.66,
      "instrument_name": "BTC-31DEC21-30000-C",
      "index_price": 50715.88,
      "direction": "buy",
      "amount": 0.2
    },
    {
      "trade_seq": 124,
      "trade_id": "177716399",
      "timestamp": 1630672326448,
      "tick_direction": 0,
      "price": 0.4635,
      "mark_price": 0.46313644,
      "iv": 98.66,
      "instrument_name": "BTC-31DEC21-30000-C",
      "index_price": 50715.88,
      "direction": "buy",
      "amount": 2.5
    },
    {
      "trade_seq": 123,
      "trade_id": "176378659",
      "timestamp": 1629882315155,
      "tick_direction": 2,
      "price": 0.434,
      "mark_price": 0.43306933,
      "iv": 97.4,
      "instrument_name": "BTC-31DEC21-30000-C",
      "index_price": 47312.81,
      "direction": "sell",
      "amount": 1.0
    },
    {
      "trade_seq": 122,
      "trade_id": "176242331",
      "timestamp": 1629811468517,
      "tick_direction": 0,
      "price": 0.4445,
      "mark_price": 0.45275021,
      "iv": 91.97,
      "instrument_name": "BTC-31DEC21-30000-C",
      "index_price": 48941.29,
      "direction": "buy",
      "amount": 1.0
    },
    {
      "trade_seq": 121,
      "trade_id": "173633069",
      "timestamp": 1628393122011,
      "tick_direction": 0,
      "price": 0.4075,
      "mark_price": 0.40726012,
      "iv": 91.93,
      "instrument_name": "BTC-31DEC21-30000-C",
      "index_price": 44324.48,
      "direction": "sell",
      "amount": 1.0
    },
    {
      "trade_seq": 120,
      "trade_id": "172225245",
      "timestamp": 1627788273311,
      "tick_direction": 0,
      "price": 0.38,
      "mark_price": 0.37926641,
      "iv": 86.02,
      "instrument_name": "BTC-31DEC21-30000-C",
      "index_price": 42030.37,
      "direction": "buy",
      "amount": 0.2
    },
    {
      "trade_seq": 119,
      "trade_id": "172022237",
      "timestamp": 1627678279137,
      "tick_direction": 0,
      "price": 0.37,
      "mark_price": 0.36771713,
      "iv": 87.06,
      "instrument_name": "BTC-31DEC21-30000-C",
      "index_price": 40951.73,
      "direction": "buy",
      "amount": 0.1
    },
    {
      "trade_seq": 118,
      "trade_id": "172000792",
      "timestamp": 1627674006431,
      "tick_direction": 2,
      "price": 0.3475,
      "mark_price": 0.34686178,
      "iv": 85.07,
      "instrument_name": "BTC-31DEC21-30000-C",
      "index_price": 39335.98,
      "direction": "sell",
      "amount": 0.3
    },
    {
      "trade_seq": 117,
      "trade_id": "171898121",
      "timestamp": 1627630034107,
      "tick_direction": 1,
      "price": 0.3555,
      "mark_price": 0.35544305,
      "iv": 86.19,
      "instrument_name": "BTC-31DEC21-30000-C",
      "index_price": 39805.46,
      "direction": "buy",
      "amount": 0.1
    },
    {
      "trade_seq": 116,
      "trade_id": "171897946",
      "timestamp": 1627629923508,
      "tick_direction": 1,
      "price": 0.3555,
      "mark_price": 0.35551797,
      "iv": 86.15,
      "instrument_name": "BTC-31DEC21-30000-C",
      "index_price": 39808.68,
      "direction": "buy",
      "amount": 0.1
    },
    {
      "trade_seq": 115,
      "trade_id": "171897938",
      "timestamp": 1627629920383,
      "tick_direction": 0,
      "price": 0.3555,
      "mark_price": 0.35541401,
      "iv": 86.2,
      "instrument_name": "BTC-31DEC21-30000-C",
      "index_price": 39802.61,
      "direction": "buy",
      "amount": 0.1
    },
    {
      "trade_seq": 114,
      "trade_id": "170652587",
      "timestamp": 1627261303116,
      "tick_direction": 0,
      "price": 0.35,
      "mark_price": 0.33403165,
      "iv": 86.22,
      "instrument_name": "BTC-31DEC21-30000-C",
      "index_price": 38761.48,
      "direction": "buy",
      "amount": 0.8
    },
    {
      "trade_seq": 113,
      "trade_id": "170512143",
      "timestamp": 1627207910947,
      "tick_direction": 1,
      "price": 0.2915,
      "mark_price": 0.29200051,
      "iv": 83.19,
      "instrument_name": "BTC-31DEC21-30000-C",
      "index_price": 34598.13,
      "direction": "buy",
      "amount": 0.6
    },
    {
      "trade_seq": 112,
      "trade_id": "170512106",
      "timestamp": 1627207853989,
      "tick_direction": 1,
      "price": 0.2915,
      "mark_price": 0.29197017,
      "iv": 83.2,
      "instrument_name": "BTC-31DEC21-30000-C",
      "index_price": 34595.23,
      "direction": "buy",
      "amount": 0.1
    },
    {
      "trade_seq": 111,
      "trade_id": "170512073",
      "timestamp": 1627207845718,
      "tick_direction": 0,
      "price": 0.2915,
      "mark_price": 0.29198445,
      "iv": 83.19,
      "instrument_name": "BTC-31DEC21-30000-C",
      "index_price": 34591.56,
      "direction": "buy",
      "amount": 0.3
    },
    {
      "trade_seq": 110,
      "trade_id": "170345764",
      "timestamp": 1627126943292,
      "tick_direction": 1,
      "price": 0.2725,
      "mark_price": 0.27379971,
      "iv": 79.77,
      "instrument_name": "BTC-31DEC21-30000-C",
      "index_price": 33795.45,
      "direction": "buy",
      "amount": 0.4
    },
    {
      "trade_seq": 109,
      "trade_id": "170345752",
      "timestamp": 1627126941373,
      "tick_direction": 1,
      "price": 0.2725,
      "mark_price": 0.27378985,
      "iv": 79.83,
      "instrument_name": "BTC-31DEC21-30000-C",
      "index_price": 33785.4,
      "direction": "buy",
      "amount": 0.1
    },
    {
      "trade_seq": 108,
      "trade_id": "170345751",
      "timestamp": 1627126941341,
      "tick_direction": 1,
      "price": 0.2725,
      "mark_price": 0.27378985,
      "iv": 79.83,
      "instrument_name": "BTC-31DEC21-30000-C",
      "index_price": 33785.4,
      "direction": "buy",
      "amount": 0.1
    },
    {
      "trade_seq": 107,
      "trade_id": "170345684",
      "timestamp": 1627126887545,
      "tick_direction": 1,
      "price": 0.2725,
      "mark_price": 0.27378064,
      "iv": 79.84,
      "instrument_name": "BTC-31DEC21-30000-C",
      "index_price": 33781.03,
      "direction": "buy",
      "amount": 0.1
    },
    {
      "trade_seq": 106,
      "trade_id": "170345671",
      "timestamp": 1627126874863,
      "tick_direction": 1,
      "price": 0.2725,
      "mark_price": 0.2736709,
      "iv": 79.88,
      "instrument_name": "BTC-31DEC21-30000-C",
      "index_price": 33773.62,
      "direction": "buy",
      "amount": 0.1
    },
    {
      "trade_seq": 105,
      "trade_id": "170345661",
      "timestamp": 1627126874855,
      "tick_direction": 1,
      "price": 0.2725,
      "mark_price": 0.2736709,
      "iv": 79.88,
      "instrument_name": "BTC-31DEC21-30000-C",
      "index_price": 33773.62,
      "direction": "buy",
      "amount": 0.1
    },
    {
      "trade_seq": 104,
      "trade_id": "170345644",
      "timestamp": 1627126868543,
      "tick_direction": 1,
      "price": 0.2725,
      "mark_price": 0.27364519,
      "iv": 79.89,
      "instrument_name": "BTC-31DEC21-30000-C",
      "index_price": 33772.22,
      "direction": "buy",
      "amount": 0.1
    },
    {
      "trade_seq": 103,
      "trade_id": "170345643",
      "timestamp": 1627126868371,
      "tick_direction": 1,
      "price": 0.2725,
      "mark_price": 0.27364519,
      "iv": 79.89,
      "instrument_name": "BTC-31DEC21-30000-C",
      "index_price": 33772.42,
      "direction": "buy",
      "amount": 0.1
    },
    {
      "trade_seq": 102,
      "trade_id": "170345634",
      "timestamp": 1627126863034,
      "tick_direction": 1,
      "price": 0.2725,
      "mark_price": 0.27356192,
      "iv": 79.94,
      "instrument_name": "BTC-31DEC21-30000-C",
      "index_price": 33766.36,
      "direction": "buy",
      "amount": 0.1
    },
    {
      "trade_seq": 101,
      "trade_id": "170345633",
      "timestamp": 1627126863012,
      "tick_direction": 1,
      "price": 0.2725,
      "mark_price": 0.27356192,
      "iv": 79.94,
      "instrument_name": "BTC-31DEC21-30000-C",
      "index_price": 33766.36,
      "direction": "buy",
      "amount": 0.2
    },
    {
      "trade_seq": 100,
      "trade_id": "170345604",
      "timestamp": 1627126840991,
      "tick_direction": 1,
      "price": 0.2725,
      "mark_price": 0.27356984,
      "iv": 79.93,
      "instrument_name": "BTC-31DEC21-30000-C",
      "index_price": 33769.93,
      "direction": "buy",
      "amount": 0.3
    },
    {
      "trade_seq": 99,
      "trade_id": "170345603",
      "timestamp": 1627126840982,
      "tick_direction": 0,
      "price": 0.2725,
      "mark_price": 0.27356984,
      "iv": 79.93,
      "instrument_name": "BTC-31DEC21-30000-C",
      "index_price": 33769.93,
      "direction": "buy",
      "amount": 3.3
    },
    {
      "trade_seq": 98,
      "trade_id": "170260544",
      "timestamp": 1627086137097,
      "tick_direction": 1,
      "price": 0.266,
      "mark_price": 0.26760768,
      "iv": 79.31,
      "instrument_name": "BTC-31DEC21-30000-C",
      "index_price": 33544.68,
      "direction": "buy",
      "amount": 2.4
    },
    {
      "trade_seq": 97,
      "trade_id": "170260497",
      "timestamp": 1627086134983,
      "tick_direction": 1,
      "price": 0.266,
      "mark_price": 0.26757988,
      "iv": 79.33,
      "instrument_name": "BTC-31DEC21-30000-C",
      "index_price": 33539.05,
      "direction": "buy",
      "amount": 0.1
    },
    {
      "trade_seq": 96,
      "trade_id": "170260481",
      "timestamp": 1627086126583,
      "tick_direction": 1,
      "price": 0.266,
      "mark_price": 0.26742863,
      "iv": 79.4,
      "instrument_name": "BTC-31DEC21-30000-C",
      "index_price": 33534.17,
      "direction": "buy",
      "amount": 0.1
    },
    {
      "trade_seq": 95,
      "trade_id": "170260469",
      "timestamp": 1627086125677,
      "tick_direction": 1,
      "price": 0.266,
      "mark_price": 0.26742922,
      "iv": 79.39,
      "instrument_name": "BTC-31DEC21-30000-C",
      "index_price": 33532.04,
      "direction": "buy",
      "amount": 0.1
    },
    {
      "trade_seq": 94,
      "trade_id": "170260436",
      "timestamp": 1627086106107,
      "tick_direction": 1,
      "price": 0.266,
      "mark_price": 0.26745442,
      "iv": 79.39,
      "instrument_name": "BTC-31DEC21-30000-C",
      "index_price": 33533.35,
      "direction": "buy",
      "amount": 0.1
    },
    {
      "trade_seq": 93,
      "trade_id": "170260425",
      "timestamp": 1627086104730,
      "tick_direction": 1,
      "price": 0.266,
      "mark_price": 0.26745776,
      "iv": 79.39,
      "instrument_name": "BTC-31DEC21-30000-C",
      "index_price": 33530.48,
      "direction": "buy",
      "amount": 0.1
    },
    {
      "trade_seq": 92,
      "trade_id": "170260408",
      "timestamp": 1627086081553,
      "tick_direction": 1,
      "price": 0.266,
      "mark_price": 0.26740998,
      "iv": 79.41,
      "instrument_name": "BTC-31DEC21-30000-C",
      "index_price": 33526.65,
      "direction": "buy",
      "amount": 0.1
    },
    {
      "trade_seq": 91,
      "trade_id": "170260337",
      "timestamp": 1627086054672,
      "tick_direction": 1,
      "price": 0.266,
      "mark_price": 0.26753145,
      "iv": 79.37,
      "instrument_name": "BTC-31DEC21-30000-C",
      "index_price": 33532.17,
      "direction": "buy",
      "amount": 0.1
    },
    {
      "trade_seq": 90,
      "trade_id": "170260336",
      "timestamp": 1627086048204,
      "tick_direction": 1,
      "price": 0.266,
      "mark_price": 0.26748435,
      "iv": 79.38,
      "instrument_name": "BTC-31DEC21-30000-C",
      "index_price": 33523.92,
      "direction": "buy",
      "amount": 0.1
    },
    {
      "trade_seq": 89,
      "trade_id": "170260333",
      "timestamp": 1627086047960,
      "tick_direction": 1,
      "price": 0.266,
      "mark_price": 0.26747766,
      "iv": 79.38,
      "instrument_name": "BTC-31DEC21-30000-C",
      "index_price": 33523.92,
      "direction": "buy",
      "amount": 0.1
    },
    {
      "trade_seq": 88,
      "trade_id": "170260321",
      "timestamp": 1627086036578,
      "tick_direction": 1,
      "price": 0.266,
      "mark_price": 0.26744342,
      "iv": 79.41,
      "instrument_name": "BTC-31DEC21-30000-C",
      "index_price": 33526.23,
      "direction": "buy",
      "amount": 0.2
    },
    {
      "trade_seq": 87,
      "trade_id": "170260294",
      "timestamp": 1627086030277,
      "tick_direction": 1,
      "price": 0.266,
      "mark_price": 0.26743492,
      "iv": 79.41,
      "instrument_name": "BTC-31DEC21-30000-C",
      "index_price": 33522.94,
      "direction": "buy",
      "amount": 0.1
    },
    {
      "trade_seq": 86,
      "trade_id": "170260293",
      "timestamp": 1627086028559,
      "tick_direction": 1,
      "price": 0.266,
      "mark_price": 0.26741839,
      "iv": 79.41,
      "instrument_name": "BTC-31DEC21-30000-C",
      "index_price": 33523.01,
      "direction": "buy",
      "amount": 0.1
    },
    {
      "trade_seq": 85,
      "trade_id": "170260270",
      "timestamp": 1627086018968,
      "tick_direction": 1,
      "price": 0.266,
      "mark_price": 0.26734301,
      "iv": 79.45,
      "instrument_name": "BTC-31DEC21-30000-C",
      "index_price": 33513.21,
      "direction": "buy",
      "amount": 0.1
    },
    {
      "trade_seq": 84,
      "trade_id": "170260268",
      "timestamp": 1627086018050,
      "tick_direction": 1,
      "price": 0.266,
      "mark_price": 0.26734301,
      "iv": 79.45,
      "instrument_name": "BTC-31DEC21-30000-C",
      "index_price": 33512.93,
      "direction": "buy",
      "amount": 0.1
    },
    {
      "trade_seq": 83,
      "trade_id": "170260267",
      "timestamp": 1627086017297,
      "tick_direction": 1,
      "price": 0.266,
      "mark_price": 0.26735825,
      "iv": 79.45,
      "instrument_name": "BTC-31DEC21-30000-C",
      "index_price": 33512.93,
      "direction": "buy",
      "amount": 0.1
    },
    {
      "trade_seq": 82,
      "trade_id": "170260216",
      "timestamp": 1627085976507,
      "tick_direction": 1,
      "price": 0.266,
      "mark_price": 0.26711388,
      "iv": 79.56,
      "instrument_name": "BTC-31DEC21-30000-C",
      "index_price": 33503.56,
      "direction": "buy",
      "amount": 0.1
    },
    {
      "trade_seq": 81,
      "trade_id": "170260067",
      "timestamp": 1627085886421,
      "tick_direction": 1,
      "price": 0.266,
      "mark_price": 0.26718385,
      "iv": 79.57,
      "instrument_name": "BTC-31DEC21-30000-C",
      "index_price": 33508.19,
      "direction": "buy",
      "amount": 0.1
    },
    {
      "trade_seq": 80,
      "trade_id": "170260061",
      "timestamp": 1627085885254,
      "tick_direction": 1,
      "price": 0.266,
      "mark_price": 0.26716651,
      "iv": 79.58,
      "instrument_name": "BTC-31DEC21-30000-C",
      "index_price": 33504.63,
      "direction": "buy",
      "amount": 0.1
    },
    {
      "trade_seq": 79,
      "trade_id": "170260059",
      "timestamp": 1627085885095,
      "tick_direction": 1,
      "price": 0.266,
      "mark_price": 0.26716651,
      "iv": 79.59,
      "instrument_name": "BTC-31DEC21-30000-C",
      "index_price": 33503.04,
      "direction": "buy",
      "amount": 0.1
    },
    {
      "trade_seq": 78,
      "trade_id": "170260050",
      "timestamp": 1627085885020,
      "tick_direction": 1,
      "price": 0.266,
      "mark_price": 0.26716651,
      "iv": 79.59,
      "instrument_name": "BTC-31DEC21-30000-C",
      "index_price": 33503.04,
      "direction": "buy",
      "amount": 0.1
    },
    {
      "trade_seq": 77,
      "trade_id": "170260049",
      "timestamp": 1627085885018,
      "tick_direction": 1,
      "price": 0.266,
      "mark_price": 0.26716651,
      "iv": 79.59,
      "instrument_name": "BTC-31DEC21-30000-C",
      "index_price": 33503.04,
      "direction": "buy",
      "amount": 0.2
    },
    {
      "trade_seq": 76,
      "trade_id": "170260040",
      "timestamp": 1627085883397,
      "tick_direction": 0,
      "price": 0.266,
      "mark_price": 0.26713815,
      "iv": 79.6,
      "instrument_name": "BTC-31DEC21-30000-C",
      "index_price": 33501.16,
      "direction": "buy",
      "amount": 0.3
    },
    {
      "trade_seq": 75,
      "trade_id": "169719916",
      "timestamp": 1626850966150,
      "tick_direction": 1,
      "price": 0.235,
      "mark_price": 0.23415743,
      "iv": 82.77,
      "instrument_name": "BTC-31DEC21-30000-C",
      "index_price": 30863.18,
      "direction": "sell",
      "amount": 0.9
    },
    {
      "trade_seq": 74,
      "trade_id": "169719912",
      "timestamp": 1626850965088,
      "tick_direction": 1,
      "price": 0.235,
      "mark_price": 0.23415903,
      "iv": 82.77,
      "instrument_name": "BTC-31DEC21-30000-C",
      "index_price": 30862.48,
      "direction": "sell",
      "amount": 2.0
    },
    {
      "trade_seq": 73,
      "trade_id": "169719909",
      "timestamp": 1626850959271,
      "tick_direction": 1,
      "price": 0.235,
      "mark_price": 0.23412472,
      "iv": 82.77,
      "instrument_name": "BTC-31DEC21-30000-C",
      "index_price": 30862.89,
      "direction": "sell",
      "amount": 2.0
    },
    {
      "trade_seq": 72,
      "trade_id": "169719907",
      "timestamp": 1626850954763,
      "tick_direction": 0,
      "price": 0.235,
      "mark_price": 0.23410884,
      "iv": 82.77,
      "instrument_name": "BTC-31DEC21-30000-C",
      "index_price": 30864.64,
      "direction": "sell",
      "amount": 0.1
    },
    {
      "trade_seq": 71,
      "trade_id": "169693958",
      "timestamp": 1626841734381,
      "tick_direction": 1,
      "price": 0.23,
      "mark_price": 0.23066016,
      "iv": 82.6,
      "instrument_name": "BTC-31DEC21-30000-C",
      "index_price": 30530.93,
      "direction": "buy",
      "amount": 0.1
    },
    {
      "trade_seq": 70,
      "trade_id": "169693860",
      "timestamp": 1626841715001,
      "tick_direction": 1,
      "price": 0.23,
      "mark_price": 0.23056688,
      "iv": 82.66,
      "instrument_name": "BTC-31DEC21-30000-C",
      "index_price": 30516.05,
      "direction": "buy",
      "amount": 0.1
    },
    {
      "trade_seq": 69,
      "trade_id": "169693859",
      "timestamp": 1626841714953,
      "tick_direction": 1,
      "price": 0.23,
      "mark_price": 0.23056688,
      "iv": 82.66,
      "instrument_name": "BTC-31DEC21-30000-C",
      "index_price": 30516.05,
      "direction": "buy",
      "amount": 0.1
    },
    {
      "trade_seq": 68,
      "trade_id": "169693848",
      "timestamp": 1626841714750,
      "tick_direction": 1,
      "price": 0.23,
      "mark_price": 0.23056688,
      "iv": 82.66,
      "instrument_name": "BTC-31DEC21-30000-C",
      "index_price": 30516.05,
      "direction": "buy",
      "amount": 0.1
    },
    {
      "trade_seq": 67,
      "trade_id": "169693606",
      "timestamp": 1626841666124,
      "tick_direction": 1,
      "price": 0.23,
      "mark_price": 0.23060241,
      "iv": 82.71,
      "instrument_name": "BTC-31DEC21-30000-C",
      "index_price": 30517.04,
      "direction": "buy",
      "amount": 0.1
    },
    {
      "trade_seq": 66,
      "trade_id": "169693585",
      "timestamp": 1626841661967,
      "tick_direction": 1,
      "price": 0.23,
      "mark_price": 0.23061148,
      "iv": 82.71,
      "instrument_name": "BTC-31DEC21-30000-C",
      "index_price": 30515.5,
      "direction": "buy",
      "amount": 0.1
    },
    {
      "trade_seq": 65,
      "trade_id": "169693281",
      "timestamp": 1626841620556,
      "tick_direction": 1,
      "price": 0.23,
      "mark_price": 0.23068005,
      "iv": 82.74,
      "instrument_name": "BTC-31DEC21-30000-C",
      "index_price": 30507.01,
      "direction": "buy",
      "amount": 0.1
    },
    {
      "trade_seq": 64,
      "trade_id": "169693274",
      "timestamp": 1626841620483,
      "tick_direction": 1,
      "price": 0.23,
      "mark_price": 0.23068005,
      "iv": 82.74,
      "instrument_name": "BTC-31DEC21-30000-C",
      "index_price": 30507.01,
      "direction": "buy",
      "amount": 0.1
    },
    {
      "trade_seq": 63,
      "trade_id": "169693273",
      "timestamp": 1626841620481,
      "tick_direction": 1,
      "price": 0.23,
      "mark_price": 0.23068005,
      "iv": 82.74,
      "instrument_name": "BTC-31DEC21-30000-C",
      "index_price": 30507.01,
      "direction": "buy",
      "amount": 0.1
    },
    {
      "trade_seq": 62,
      "trade_id": "169693269",
      "timestamp": 1626841620154,
      "tick_direction": 0,
      "price": 0.23,
      "mark_price": 0.23067501,
      "iv": 82.74,
      "instrument_name": "BTC-31DEC21-30000-C",
      "index_price": 30507.01,
      "direction": "buy",
      "amount": 0.1
    },
    {
      "trade_seq": 61,
      "trade_id": "169692511",
      "timestamp": 1626841525599,
      "tick_direction": 3,
      "price": 0.229,
      "mark_price": 0.22985737,
      "iv": 82.75,
      "instrument_name": "BTC-31DEC21-30000-C",
      "index_price": 30426.45,
      "direction": "buy",
      "amount": 0.1
    },
    {
      "trade_seq": 60,
      "trade_id": "169692509",
      "timestamp": 1626841525393,
      "tick_direction": 3,
      "price": 0.229,
      "mark_price": 0.22985737,
      "iv": 82.75,
      "instrument_name": "BTC-31DEC21-30000-C",
      "index_price": 30426.45,
      "direction": "buy",
      "amount": 0.1
    },
    {
      "trade_seq": 59,
      "trade_id": "169692508",
      "timestamp": 1626841525391,
      "tick_direction": 3,
      "price": 0.229,
      "mark_price": 0.22985737,
      "iv": 82.75,
      "instrument_name": "BTC-31DEC21-30000-C",
      "index_price": 30426.45,
      "direction": "buy",
      "amount": 0.1
    },
    {
      "trade_seq": 58,
      "trade_id": "169692485",
      "timestamp": 1626841524995,
      "tick_direction": 3,
      "price": 0.229,
      "mark_price": 0.22983909,
      "iv": 82.76,
      "instrument_name": "BTC-31DEC21-30000-C",
      "index_price": 30422.61,
      "direction": "buy",
      "amount": 0.1
    },
    {
      "trade_seq": 57,
      "trade_id": "169692471",
      "timestamp": 1626841521050,
      "tick_direction": 3,
      "price": 0.229,
      "mark_price": 0.22962863,
      "iv": 82.85,
      "instrument_name": "BTC-31DEC21-30000-C",
      "index_price": 30409.81,
      "direction": "buy",
      "amount": 0.1
    },
    {
      "trade_seq": 56,
      "trade_id": "169692470",
      "timestamp": 1626841521041,
      "tick_direction": 3,
      "price": 0.229,
      "mark_price": 0.22962863,
      "iv": 82.85,
      "instrument_name": "BTC-31DEC21-30000-C",
      "index_price": 30409.81,
      "direction": "buy",
      "amount": 0.1
    },
    {
      "trade_seq": 55,
      "trade_id": "169692469",
      "timestamp": 1626841521034,
      "tick_direction": 3,
      "price": 0.229,
      "mark_price": 0.22962863,
      "iv": 82.85,
      "instrument_name": "BTC-31DEC21-30000-C",
      "index_price": 30409.81,
      "direction": "buy",
      "amount": 0.1
    },
    {
      "trade_seq": 54,
      "trade_id": "169692450",
      "timestamp": 1626841520569,
      "tick_direction": 3,
      "price": 0.229,
      "mark_price": 0.22962863,
      "iv": 82.85,
      "instrument_name": "BTC-31DEC21-30000-C",
      "index_price": 30409.81,
      "direction": "buy",
      "amount": 0.1
    },
    {
      "trade_seq": 53,
      "trade_id": "169692432",
      "timestamp": 1626841517526,
      "tick_direction": 3,
      "price": 0.229,
      "mark_price": 0.22964047,
      "iv": 82.85,
      "instrument_name": "BTC-31DEC21-30000-C",
      "index_price": 30409.4,
      "direction": "buy",
      "amount": 0.1
    },
    {
      "trade_seq": 52,
      "trade_id": "169692418",
      "timestamp": 1626841513647,
      "tick_direction": 3,
      "price": 0.229,
      "mark_price": 0.22957816,
      "iv": 82.88,
      "instrument_name": "BTC-31DEC21-30000-C",
      "index_price": 30401.87,
      "direction": "buy",
      "amount": 0.1
    },
    {
      "trade_seq": 51,
      "trade_id": "169692364",
      "timestamp": 1626841505852,
      "tick_direction": 3,
      "price": 0.229,
      "mark_price": 0.22963179,
      "iv": 82.87,
      "instrument_name": "BTC-31DEC21-30000-C",
      "index_price": 30403.9,
      "direction": "buy",
      "amount": 0.1
    },
    {
      "trade_seq": 50,
      "trade_id": "169692315",
      "timestamp": 1626841492813,
      "tick_direction": 2,
      "price": 0.229,
      "mark_price": 0.22981944,
      "iv": 82.81,
      "instrument_name": "BTC-31DEC21-30000-C",
      "index_price": 30409.07,
      "direction": "sell",
      "amount": 0.9
    },
    {
      "trade_seq": 49,
      "trade_id": "169691216",
      "timestamp": 1626841307203,
      "tick_direction": 0,
      "price": 0.23,
      "mark_price": 0.23021499,
      "iv": 83.08,
      "instrument_name": "BTC-31DEC21-30000-C",
      "index_price": 30421.64,
      "direction": "sell",
      "amount": 0.1
    },
    {
      "trade_seq": 48,
      "trade_id": "169665608",
      "timestamp": 1626830253113,
      "tick_direction": 2,
      "price": 0.2185,
      "mark_price": 0.21930334,
      "iv": 83.49,
      "instrument_name": "BTC-31DEC21-30000-C",
      "index_price": 29536.45,
      "direction": "sell",
      "amount": 2.0
    },
    {
      "trade_seq": 47,
      "trade_id": "169492798",
      "timestamp": 1626760110827,
      "tick_direction": 2,
      "price": 0.2225,
      "mark_price": 0.22184995,
      "iv": 84.23,
      "instrument_name": "BTC-31DEC21-30000-C",
      "index_price": 29656.03,
      "direction": "sell",
      "amount": 0.1
    },
    {
      "trade_seq": 46,
      "trade_id": "169481476",
      "timestamp": 1626756069707,
      "tick_direction": 2,
      "price": 0.2255,
      "mark_price": 0.2262299,
      "iv": 84.13,
      "instrument_name": "BTC-31DEC21-30000-C",
      "index_price": 29898.9,
      "direction": "sell",
      "amount": 0.1
    },
    {
      "trade_seq": 45,
      "trade_id": "169125721",
      "timestamp": 1626582432719,
      "tick_direction": 0,
      "price": 0.259,
      "mark_price": 0.25597454,
      "iv": 84.55,
      "instrument_name": "BTC-31DEC21-30000-C",
      "index_price": 32094.5,
      "direction": "sell",
      "amount": 2.0
    },
    {
      "trade_seq": 44,
      "trade_id": "169125707",
      "timestamp": 1626582374642,
      "tick_direction": 1,
      "price": 0.258,
      "mark_price": 0.25585463,
      "iv": 84.13,
      "instrument_name": "BTC-31DEC21-30000-C",
      "index_price": 32087.1,
      "direction": "sell",
      "amount": 0.2
    },
    {
      "trade_seq": 43,
      "trade_id": "169125641",
      "timestamp": 1626582299691,
      "tick_direction": 1,
      "price": 0.258,
      "mark_price": 0.2556695,
      "iv": 84.13,
      "instrument_name": "BTC-31DEC21-30000-C",
      "index_price": 32091.27,
      "direction": "sell",
      "amount": 0.1
    },
    {
      "trade_seq": 42,
      "trade_id": "169125640",
      "timestamp": 1626582298443,
      "tick_direction": 1,
      "price": 0.258,
      "mark_price": 0.25567509,
      "iv": 84.13,
      "instrument_name": "BTC-31DEC21-30000-C",
      "index_price": 32090.9,
      "direction": "sell",
      "amount": 0.5
    },
    {
      "trade_seq": 41,
      "trade_id": "169125639",
      "timestamp": 1626582297679,
      "tick_direction": 1,
      "price": 0.258,
      "mark_price": 0.25566742,
      "iv": 84.13,
      "instrument_name": "BTC-31DEC21-30000-C",
      "index_price": 32090.9,
      "direction": "sell",
      "amount": 0.2
    },
    {
      "trade_seq": 40,
      "trade_id": "169125638",
      "timestamp": 1626582296061,
      "tick_direction": 1,
      "price": 0.258,
      "mark_price": 0.2556641,
      "iv": 84.13,
      "instrument_name": "BTC-31DEC21-30000-C",
      "index_price": 32091.17,
      "direction": "sell",
      "amount": 2.0
    },
    {
      "trade_seq": 39,
      "trade_id": "169125637",
      "timestamp": 1626582296058,
      "tick_direction": 0,
      "price": 0.258,
      "mark_price": 0.2556641,
      "iv": 84.13,
      "instrument_name": "BTC-31DEC21-30000-C",
      "index_price": 32091.17,
      "direction": "sell",
      "amount": 0.3
    },
    {
      "trade_seq": 38,
      "trade_id": "169125590",
      "timestamp": 1626582252812,
      "tick_direction": 1,
      "price": 0.2575,
      "mark_price": 0.25569138,
      "iv": 83.9,
      "instrument_name": "BTC-31DEC21-30000-C",
      "index_price": 32091.56,
      "direction": "sell",
      "amount": 0.2
    },
    {
      "trade_seq": 37,
      "trade_id": "169125587",
      "timestamp": 1626582252703,
      "tick_direction": 1,
      "price": 0.2575,
      "mark_price": 0.25569138,
      "iv": 83.9,
      "instrument_name": "BTC-31DEC21-30000-C",
      "index_price": 32091.56,
      "direction": "sell",
      "amount": 0.4
    },
    {
      "trade_seq": 36,
      "trade_id": "169125586",
      "timestamp": 1626582252695,
      "tick_direction": 0,
      "price": 0.2575,
      "mark_price": 0.25569138,
      "iv": 83.9,
      "instrument_name": "BTC-31DEC21-30000-C",
      "index_price": 32091.56,
      "direction": "sell",
      "amount": 1.2
    },
    {
      "trade_seq": 35,
      "trade_id": "169125575",
      "timestamp": 1626582219119,
      "tick_direction": 1,
      "price": 0.257,
      "mark_price": 0.2556351,
      "iv": 83.71,
      "instrument_name": "BTC-31DEC21-30000-C",
      "index_price": 32086.91,
      "direction": "sell",
      "amount": 0.1
    },
    {
      "trade_seq": 34,
      "trade_id": "169125573",
      "timestamp": 1626582217079,
      "tick_direction": 1,
      "price": 0.257,
      "mark_price": 0.25563548,
      "iv": 83.71,
      "instrument_name": "BTC-31DEC21-30000-C",
      "index_price": 32085.99,
      "direction": "sell",
      "amount": 0.1
    },
    {
      "trade_seq": 33,
      "trade_id": "169125572",
      "timestamp": 1626582215380,
      "tick_direction": 0,
      "price": 0.257,
      "mark_price": 0.25565059,
      "iv": 83.71,
      "instrument_name": "BTC-31DEC21-30000-C",
      "index_price": 32086.29,
      "direction": "sell",
      "amount": 0.3
    },
    {
      "trade_seq": 32,
      "trade_id": "169125568",
      "timestamp": 1626582124349,
      "tick_direction": 1,
      "price": 0.2565,
      "mark_price": 0.25555921,
      "iv": 83.51,
      "instrument_name": "BTC-31DEC21-30000-C",
      "index_price": 32083.88,
      "direction": "sell",
      "amount": 0.1
    },
    {
      "trade_seq": 31,
      "trade_id": "169125567",
      "timestamp": 1626582122345,
      "tick_direction": 1,
      "price": 0.2565,
      "mark_price": 0.25557232,
      "iv": 83.51,
      "instrument_name": "BTC-31DEC21-30000-C",
      "index_price": 32085.0,
      "direction": "sell",
      "amount": 0.1
    },
    {
      "trade_seq": 30,
      "trade_id": "169125562",
      "timestamp": 1626582106220,
      "tick_direction": 1,
      "price": 0.2565,
      "mark_price": 0.25553086,
      "iv": 83.52,
      "instrument_name": "BTC-31DEC21-30000-C",
      "index_price": 32085.51,
      "direction": "sell",
      "amount": 0.1
    },
    {
      "trade_seq": 29,
      "trade_id": "169125544",
      "timestamp": 1626582059877,
      "tick_direction": 1,
      "price": 0.2565,
      "mark_price": 0.25552999,
      "iv": 83.51,
      "instrument_name": "BTC-31DEC21-30000-C",
      "index_price": 32089.33,
      "direction": "sell",
      "amount": 0.1
    },
    {
      "trade_seq": 28,
      "trade_id": "169125543",
      "timestamp": 1626582058500,
      "tick_direction": 0,
      "price": 0.2565,
      "mark_price": 0.25552823,
      "iv": 83.51,
      "instrument_name": "BTC-31DEC21-30000-C",
      "index_price": 32089.41,
      "direction": "sell",
      "amount": 0.3
    },
    {
      "trade_seq": 27,
      "trade_id": "169125482",
      "timestamp": 1626581999407,
      "tick_direction": 3,
      "price": 0.256,
      "mark_price": 0.2553242,
      "iv": 83.36,
      "instrument_name": "BTC-31DEC21-30000-C",
      "index_price": 32081.84,
      "direction": "sell",
      "amount": 0.1
    },
    {
      "trade_seq": 26,
      "trade_id": "169125481",
      "timestamp": 1626581997536,
      "tick_direction": 3,
      "price": 0.256,
      "mark_price": 0.25533188,
      "iv": 83.36,
      "instrument_name": "BTC-31DEC21-30000-C",
      "index_price": 32082.05,
      "direction": "sell",
      "amount": 0.1
    },
    {
      "trade_seq": 25,
      "trade_id": "169125441",
      "timestamp": 1626581963112,
      "tick_direction": 3,
      "price": 0.256,
      "mark_price": 0.25534733,
      "iv": 83.35,
      "instrument_name": "BTC-31DEC21-30000-C",
      "index_price": 32088.48,
      "direction": "sell",
      "amount": 0.1
    },
    {
      "trade_seq": 24,
      "trade_id": "169125440",
      "timestamp": 1626581958155,
      "tick_direction": 3,
      "price": 0.256,
      "mark_price": 0.25533008,
      "iv": 83.35,
      "instrument_name": "BTC-31DEC21-30000-C",
      "index_price": 32088.92,
      "direction": "sell",
      "amount": 0.1
    },
    {
      "trade_seq": 23,
      "trade_id": "169125433",
      "timestamp": 1626581947463,
      "tick_direction": 3,
      "price": 0.256,
      "mark_price": 0.25541315,
      "iv": 83.32,
      "instrument_name": "BTC-31DEC21-30000-C",
      "index_price": 32096.27,
      "direction": "sell",
      "amount": 0.1
    },
    {
      "trade_seq": 22,
      "trade_id": "169125426",
      "timestamp": 1626581944961,
      "tick_direction": 3,
      "price": 0.256,
      "mark_price": 0.25541766,
      "iv": 83.32,
      "instrument_name": "BTC-31DEC21-30000-C",
      "index_price": 32096.3,
      "direction": "sell",
      "amount": 0.1
    },
    {
      "trade_seq": 21,
      "trade_id": "169125424",
      "timestamp": 1626581941744,
      "tick_direction": 3,
      "price": 0.256,
      "mark_price": 0.25552079,
      "iv": 83.27,
      "instrument_name": "BTC-31DEC21-30000-C",
      "index_price": 32102.96,
      "direction": "sell",
      "amount": 0.1
    },
    {
      "trade_seq": 20,
      "trade_id": "169125422",
      "timestamp": 1626581941016,
      "tick_direction": 2,
      "price": 0.256,
      "mark_price": 0.2555255,
      "iv": 83.27,
      "instrument_name": "BTC-31DEC21-30000-C",
      "index_price": 32104.05,
      "direction": "sell",
      "amount": 0.1
    },
    {
      "trade_seq": 19,
      "trade_id": "169031284",
      "timestamp": 1626515869913,
      "tick_direction": 1,
      "price": 0.257,
      "mark_price": 0.25226285,
      "iv": 86.37,
      "instrument_name": "BTC-31DEC21-30000-C",
      "index_price": 31631.56,
      "direction": "buy",
      "amount": 2.2
    },
    {
      "trade_seq": 18,
      "trade_id": "169031283",
      "timestamp": 1626515869913,
      "tick_direction": 0,
      "price": 0.257,
      "mark_price": 0.25226285,
      "iv": 86.37,
      "instrument_name": "BTC-31DEC21-30000-C",
      "index_price": 31631.56,
      "direction": "buy",
      "amount": 0.5
    },
    {
      "trade_seq": 17,
      "trade_id": "168887900",
      "timestamp": 1626436242811,
      "tick_direction": 0,
      "price": 0.2485,
      "mark_price": 0.24772067,
      "iv": 85.34,
      "instrument_name": "BTC-31DEC21-30000-C",
      "index_price": 31167.81,
      "direction": "sell",
      "amount": 0.1
    },
    {
      "trade_seq": 16,
      "trade_id": "168879964",
      "timestamp": 1626433909371,
      "tick_direction": 2,
      "price": 0.2475,
      "mark_price": 0.24940915,
      "iv": 84.42,
      "instrument_name": "BTC-31DEC21-30000-C",
      "index_price": 31262.08,
      "direction": "sell",
      "amount": 0.2
    },
    {
      "trade_seq": 15,
      "trade_id": "168434167",
      "timestamp": 1626191776025,
      "tick_direction": 2,
      "price": 0.277,
      "mark_price": 0.27621653,
      "iv": 87.54,
      "instrument_name": "BTC-31DEC21-30000-C",
      "index_price": 32785.69,
      "direction": "sell",
      "amount": 0.1
    },
    {
      "trade_seq": 14,
      "trade_id": "168256825",
      "timestamp": 1626077909939,
      "tick_direction": 2,
      "price": 0.3025,
      "mark_price": 0.30315411,
      "iv": 87.75,
      "instrument_name": "BTC-31DEC21-30000-C",
      "index_price": 34459.59,
      "direction": "sell",
      "amount": 0.1
    },
    {
      "trade_seq": 13,
      "trade_id": "168249200",
      "timestamp": 1626070288269,
      "tick_direction": 1,
      "price": 0.305,
      "mark_price": 0.30135413,
      "iv": 90.02,
      "instrument_name": "BTC-31DEC21-30000-C",
      "index_price": 34257.24,
      "direction": "sell",
      "amount": 0.1
    },
    {
      "trade_seq": 12,
      "trade_id": "168245328",
      "timestamp": 1626064855329,
      "tick_direction": 0,
      "price": 0.305,
      "mark_price": 0.30231924,
      "iv": 89.64,
      "instrument_name": "BTC-31DEC21-30000-C",
      "index_price": 34338.1,
      "direction": "sell",
      "amount": 0.8
    },
    {
      "trade_seq": 11,
      "trade_id": "168164276",
      "timestamp": 1625993199180,
      "tick_direction": 2,
      "price": 0.2955,
      "mark_price": 0.29558596,
      "iv": 88.54,
      "instrument_name": "BTC-31DEC21-30000-C",
      "index_price": 33703.18,
      "direction": "sell",
      "amount": 0.1
    },
    {
      "trade_seq": 10,
      "trade_id": "168075648",
      "timestamp": 1625900270494,
      "tick_direction": 0,
      "price": 0.299,
      "mark_price": 0.29863214,
      "iv": 89.51,
      "instrument_name": "BTC-31DEC21-30000-C",
      "index_price": 33818.29,
      "direction": "sell",
      "amount": 0.1
    },
    {
      "trade_seq": 9,
      "trade_id": "167963458",
      "timestamp": 1625818512826,
      "tick_direction": 2,
      "price": 0.2885,
      "mark_price": 0.28773037,
      "iv": 90.74,
      "instrument_name": "BTC-31DEC21-30000-C",
      "index_price": 32692.37,
      "direction": "sell",
      "amount": 0.1
    },
    {
      "trade_seq": 8,
      "trade_id": "166247936",
      "timestamp": 1624988005145,
      "tick_direction": 1,
      "price": 0.35,
      "mark_price": 0.35022888,
      "iv": 93.69,
      "instrument_name": "BTC-31DEC21-30000-C",
      "index_price": 36602.71,
      "direction": "buy",
      "amount": 0.1
    },
    {
      "trade_seq": 7,
      "trade_id": "166247914",
      "timestamp": 1624988004917,
      "tick_direction": 0,
      "price": 0.35,
      "mark_price": 0.35022888,
      "iv": 93.77,
      "instrument_name": "BTC-31DEC21-30000-C",
      "index_price": 36602.71,
      "direction": "buy",
      "amount": 0.1
    },
    {
      "trade_seq": 6,
      "trade_id": "164282286",
      "timestamp": 1624375755295,
      "tick_direction": 0,
      "price": 0.3065,
      "mark_price": 0.29969177,
      "iv": 100.4,
      "instrument_name": "BTC-31DEC21-30000-C",
      "index_price": 31254.55,
      "direction": "buy",
      "amount": 1.0
    },
    {
      "trade_seq": 5,
      "trade_id": "164169561",
      "timestamp": 1624366279610,
      "tick_direction": 3,
      "price": 0.28,
      "mark_price": 0.27943734,
      "iv": 98.01,
      "instrument_name": "BTC-31DEC21-30000-C",
      "index_price": 29617.85,
      "direction": "sell",
      "amount": 0.1
    },
    {
      "trade_seq": 4,
      "trade_id": "164169540",
      "timestamp": 1624366277869,
      "tick_direction": 3,
      "price": 0.28,
      "mark_price": 0.27924693,
      "iv": 98.15,
      "instrument_name": "BTC-31DEC21-30000-C",
      "index_price": 29597.08,
      "direction": "sell",
      "amount": 0.1
    },
    {
      "trade_seq": 3,
      "trade_id": "164163273",
      "timestamp": 1624365810708,
      "tick_direction": 2,
      "price": 0.28,
      "mark_price": 0.27815847,
      "iv": 98.16,
      "instrument_name": "BTC-31DEC21-30000-C",
      "index_price": 29586.52,
      "direction": "sell",
      "amount": 0.1
    },
    {
      "trade_seq": 2,
      "trade_id": "161963035",
      "timestamp": 1623614898979,
      "tick_direction": 1,
      "price": 0.396,
      "mark_price": 0.3956994,
      "iv": 98.08,
      "instrument_name": "BTC-31DEC21-30000-C",
      "index_price": 38713.3,
      "direction": "buy",
      "amount": 0.5
    },
    {
      "trade_seq": 1,
      "trade_id": "161962998",
      "timestamp": 1623614898704,
      "tick_direction": 1,
      "price": 0.396,
      "mark_price": 0.3956994,
      "iv": 98.08,
      "instrument_name": "BTC-31DEC21-30000-C",
      "index_price": 38713.3,
      "direction": "buy",
      "amount": 0.2
    }
  ],
  "has_more": false
}
