{
  "trades": [
    {
      "trade_seq": 2326,
      "trade_id": "197028101",
      "timestamp": 1640816329667,
      "tick_direction": 2,
      "price": 0.1515,
      "mark_price": 0.15470441,
      "iv": 0.0,
      "instrument_name": "BTC-31DEC21-40000-C",
      "index_price": 47266.66,
      "direction": "sell",
      "amount": 1.4
    },
    {
      "trade_seq": 2325,
      "trade_id": "196979602",
      "timestamp": 1640788514808,
      "tick_direction": 3,
      "price": 0.165,
      "mark_price": 0.16412589,
      "iv": 140.77,
      "instrument_name": "BTC-31DEC21-40000-C",
      "index_price": 47826.79,
      "direction": "buy",
      "amount": 0.1
    },
    {
      "trade_seq": 2324,
      "trade_id": "196928034",
      "timestamp": 1640771272323,
      "tick_direction": 2,
      "price": 0.165,
      "mark_price": 0.16456405,
      "iv": 129.65,
      "instrument_name": "BTC-31DEC21-40000-C",
      "index_price": 47802.41,
      "direction": "buy",
      "amount": 0.1
    },
    {
      "trade_seq": 2323,
      "trade_id": "196836334",
      "timestamp": 1640712445764,
      "tick_direction": 3,
      "price": 0.168,
      "mark_price": 0.17153438,
      "iv": 0.0,
      "instrument_name": "BTC-31DEC21-40000-C",
      "index_price": 48208.88,
      "direction": "sell",
      "amount": 0.9
    },
    {
      "trade_seq": 2322,
      "trade_id": "196836333",
      "timestamp": 1640712445764,
      "tick_direction": 3,
      "price": 0.168,
      "mark_price": 0.17153438,
      "iv": 0.0,
      "instrument_name": "BTC-31DEC21-40000-C",
      "index_price": 48208.88,
      "direction": "sell",
      "amount": 0.1
    },
    {
      "trade_seq": 2321,
      "trade_id": "196836332",
      "timestamp": 1640712445764,
      "tick_direction": 2,
      "price": 0.168,
      "mark_price": 0.17153438,
      "iv": 0.0,
      "instrument_name": "BTC-31DEC21-40000-C",
      "index_price": 48208.88,
      "direction": "sell",
      "amount": 6.0
    },
    {
      "trade_seq": 2320,
      "trade_id": "196621940",
      "timestamp": 1640621286699,
      "tick_direction": 0,
      "price": 0.223,
      "mark_price": 0.22353308,
      "iv": 102.19,
      "instrument_name": "BTC-31DEC21-40000-C",
      "index_price": 51390.42,
      "direction": "buy",
      "amount": 1.5
    },
    {
      "trade_seq": 2319,
      "trade_id": "196476069",
      "timestamp": 1640481646113,
      "tick_direction": 3,
      "price": 0.209,
      "mark_price": 0.21044633,
      "iv": 95.9,
      "instrument_name": "BTC-31DEC21-40000-C",
      "index_price": 50471.32,
      "direction": "sell",
      "amount": 0.4
    },
    {
      "trade_seq": 2318,
      "trade_id": "196476067",
      "timestamp": 1640481646082,
      "tick_direction": 3,
      "price": 0.209,
      "mark_price": 0.21044633,
      "iv": 95.9,
      "instrument_name": "BTC-31DEC21-40000-C",
      "index_price": 50471.32,
      "direction": "sell",
      "amount": 0.9
    },
    {
      "trade_seq": 2317,
      "trade_id": "196476047",
      "timestamp": 1640481645648,
      "tick_direction": 3,
      "price": 0.209,
      "mark_price": 0.21044633,
      "iv": 95.9,
      "instrument_name": "BTC-31DEC21-40000-C",
      "index_price": 50471.32,
      "direction": "sell",
      "amount": 4.2
    },
    {
      "trade_seq": 2316,
      "trade_id": "196476016",
      "timestamp": 1640481645118,
      "tick_direction": 2,
      "price": 0.209,
      "mark_price": 0.21048299,
      "iv": 0.0,
      "instrument_name": "BTC-31DEC21-40000-C",
      "index_price": 50484.85,
      "direction": "sell",
      "amount": 0.7
    },
    {
      "trade_seq": 2315,
      "trade_id": "196469981",
      "timestamp": 1640476616857,
      "tick_direction": 1,
      "price": 0.2105,
      "mark_price": 0.21173622,
      "iv": 63.47,
      "instrument_name": "BTC-31DEC21-40000-C",
      "index_price": 50554.97,
      "direction": "sell",
      "amount": 0.1
    },
    {
      "trade_seq": 2314,
      "trade_id": "196469975",
      "timestamp": 1640476616773,
      "tick_direction": 1,
      "price": 0.2105,
      "mark_price": 0.21173622,
      "iv": 63.47,
      "instrument_name": "BTC-31DEC21-40000-C",
      "index_price": 50554.97,
      "direction": "sell",
      "amount": 0.1
    },
    {
      "trade_seq": 2313,
      "trade_id": "196469973",
      "timestamp": 1640476616713,
      "tick_direction": 0,
      "price": 0.2105,
      "mark_price": 0.21183596,
      "iv": 63.47,
      "instrument_name": "BTC-31DEC21-40000-C",
      "index_price": 50554.97,
      "direction": "sell",
      "amount": 1.8
    },
    {
      "trade_seq": 2312,
      "trade_id": "196441244",
      "timestamp": 1640452905262,
      "tick_direction": 3,
      "price": 0.207,
      "mark_price": 0.20873921,
      "iv": 91.91,
      "instrument_name": "BTC-31DEC21-40000-C",
      "index_price": 50332.58,
      "direction": "sell",
      "amount": 0.1
    },
    {
      "trade_seq": 2311,
      "trade_id": "196441237",
      "timestamp": 1640452905226,
      "tick_direction": 3,
      "price": 0.207,
      "mark_price": 0.20873921,
      "iv": 91.91,
      "instrument_name": "BTC-31DEC21-40000-C",
      "index_price": 50332.58,
      "direction": "sell",
      "amount": 0.5
    },
    {
      "trade_seq": 2310,
      "trade_id": "196441226",
      "timestamp": 1640452905172,
      "tick_direction": 2,
      "price": 0.207,
      "mark_price": 0.20873921,
      "iv": 91.91,
      "instrument_name": "BTC-31DEC21-40000-C",
      "index_price": 50332.58,
      "direction": "sell",
      "amount": 1.0
    },
    {
      "trade_seq": 2309,
      "trade_id": "196434274",
      "timestamp": 1640447368876,
      "tick_direction": 2,
      "price": 0.2145,
      "mark_price": 0.21515659,
      "iv": 94.51,
      "instrument_name": "BTC-31DEC21-40000-C",
      "index_price": 50807.0,
      "direction": "sell",
      "amount": 0.1
    },
    {
      "trade_seq": 2308,
      "trade_id": "196392558",
      "timestamp": 1640380003172,
      "tick_direction": 2,
      "price": 0.2185,
      "mark_price": 0.22047707,
      "iv": 0.0,
      "instrument_name": "BTC-31DEC21-40000-C",
      "index_price": 51122.08,
      "direction": "sell",
      "amount": 0.2
    },
    {
      "trade_seq": 2307,
      "trade_id": "196327331",
      "timestamp": 1640338911475,
      "tick_direction": 0,
      "price": 0.223,
      "mark_price": 0.22311761,
      "iv": 100.19,
      "instrument_name": "BTC-31DEC21-40000-C",
      "index_price": 51289.16,
      "direction": "sell",
      "amount": 0.2
    },
    {
      "trade_seq": 2306,
      "trade_id": "196283211",
      "timestamp": 1640308802032,
      "tick_direction": 2,
      "price": 0.2195,
      "mark_price": 0.21955505,
      "iv": 101.41,
      "instrument_name": "BTC-31DEC21-40000-C",
      "index_price": 51008.72,
      "direction": "sell",
      "amount": 0.1
    },
    {
      "trade_seq": 2305,
      "trade_id": "196282471",
      "timestamp": 1640308387576,
      "tick_direction": 0,
      "price": 0.222,
      "mark_price": 0.22185294,
      "iv": 103.75,
      "instrument_name": "BTC-31DEC21-40000-C",
      "index_price": 51150.73,
      "direction": "sell",
      "amount": 0.1
    },
    {
      "trade_seq": 2304,
      "trade_id": "196225299",
      "timestamp": 1640281379260,
      "tick_direction": 1,
      "price": 0.2,
      "mark_price": 0.1989712,
      "iv": 104.8,
      "instrument_name": "BTC-31DEC21-40000-C",
      "index_price": 49600.72,
      "direction": "buy",
      "amount": 0.2
    },
    {
      "trade_seq": 2303,
      "trade_id": "196225289",
      "timestamp": 1640281379198,
      "tick_direction": 1,
      "price": 0.2,
      "mark_price": 0.1989712,
      "iv": 104.8,
      "instrument_name": "BTC-31DEC21-40000-C",
      "index_price": 49600.72,
      "direction": "buy",
      "amount": 0.1
    },
    {
      "trade_seq": 2302,
      "trade_id": "196225286",
      "timestamp": 1640281379129,
      "tick_direction": 0,
      "price": 0.2,
      "mark_price": 0.1989712,
      "iv": 104.8,
      "instrument_name": "BTC-31DEC21-40000-C",
      "index_price": 49600.72,
      "direction": "buy",
      "amount": 1.4
    },
    {
      "trade_seq": 2301,
      "trade_id": "196095015",
      "timestamp": 1640140321067,
      "tick_direction": 0,
      "price": 0.1995,
      "mark_price": 0.19784208,
      "iv": 99.04,
      "instrument_name": "BTC-31DEC21-40000-C",
      "index_price": 49502.18,
      "direction": "buy",
      "amount": 0.1
    },
    {
      "trade_seq": 2300,
      "trade_id": "195978409",
      "timestamp": 1640059364343,
      "tick_direction": 0,
      "price": 0.18,
      "mark_price": 0.17943658,
      "iv": 90.01,
      "instrument_name": "BTC-31DEC21-40000-C",
      "index_price": 48207.62,
      "direction": "buy",
      "amount": 2.0
    },
    {
      "trade_seq": 2299,
      "trade_id": "195809056",
      "timestamp": 1639953849604,
      "tick_direction": 2,
      "price": 0.158,
      "mark_price": 0.16156027,
      "iv": 75.08,
      "instrument_name": "BTC-31DEC21-40000-C",
      "index_price": 47024.95,
      "direction": "buy",
      "amount": 3.0
    },
    {
      "trade_seq": 2298,
      "trade_id": "195736301",
      "timestamp": 1639886478474,
      "tick_direction": 0,
      "price": 0.175,
      "mark_price": 0.17509804,
      "iv": 85.26,
      "instrument_name": "BTC-31DEC21-40000-C",
      "index_price": 47859.34,
      "direction": "buy",
      "amount": 2.0
    },
    {
      "trade_seq": 2297,
      "trade_id": "195574115",
      "timestamp": 1639772256164,
      "tick_direction": 2,
      "price": 0.157,
      "mark_price": 0.15749383,
      "iv": 81.89,
      "instrument_name": "BTC-31DEC21-40000-C",
      "index_price": 46635.88,
      "direction": "sell",
      "amount": 0.1
    },
    {
      "trade_seq": 2296,
      "trade_id": "195545412",
      "timestamp": 1639758581100,
      "tick_direction": 0,
      "price": 0.168,
      "mark_price": 0.16755101,
      "iv": 85.71,
      "instrument_name": "BTC-31DEC21-40000-C",
      "index_price": 47274.12,
      "direction": "buy",
      "amount": 0.1
    },
    {
      "trade_seq": 2295,
      "trade_id": "195474452",
      "timestamp": 1639737074956,
      "tick_direction": 3,
      "price": 0.161,
      "mark_price": 0.16109278,
      "iv": 83.2,
      "instrument_name": "BTC-31DEC21-40000-C",
      "index_price": 46838.37,
      "direction": "sell",
      "amount": 1.7
    },
    {
      "trade_seq": 2294,
      "trade_id": "195474451",
      "timestamp": 1639737074905,
      "tick_direction": 3,
      "price": 0.161,
      "mark_price": 0.16109278,
      "iv": 83.2,
      "instrument_name": "BTC-31DEC21-40000-C",
      "index_price": 46838.37,
      "direction": "sell",
      "amount": 1.0
    },
    {
      "trade_seq": 2293,
      "trade_id": "195474450",
      "timestamp": 1639737074863,
      "tick_direction": 3,
      "price": 0.161,
      "mark_price": 0.16109278,
      "iv": 83.2,
      "instrument_name": "BTC-31DEC21-40000-C",
      "index_price": 46838.37,
      "direction": "sell",
      "amount": 0.9
    },
    {
      "trade_seq": 2292,
      "trade_id": "195474400",
      "timestamp": 1639737062649,
      "tick_direction": 2,
      "price": 0.161,
      "mark_price": 0.16164496,
      "iv": 81.93,
      "instrument_name": "BTC-31DEC21-40000-C",
      "index_price": 46870.11,
      "direction": "sell",
      "amount": 1.4
    },
    {
      "trade_seq": 2291,
      "trade_id": "195451314",
      "timestamp": 1639726231750,
      "tick_direction": 2,
      "price": 0.164,
      "mark_price": 0.16431349,
      "iv": 85.5,
      "instrument_name": "BTC-31DEC21-40000-C",
      "index_price": 46991.6,
      "direction": "buy",
      "amount": 0.1
    },
    {
      "trade_seq": 2290,
      "trade_id": "195450937",
      "timestamp": 1639726105356,
      "tick_direction": 2,
      "price": 0.1645,
      "mark_price": 0.16446718,
      "iv": 85.95,
      "instrument_name": "BTC-31DEC21-40000-C",
      "index_price": 47001.48,
      "direction": "buy",
      "amount": 0.1
    },
    {
      "trade_seq": 2289,
      "trade_id": "195450134",
      "timestamp": 1639725855596,
      "tick_direction": 2,
      "price": 0.1655,
      "mark_price": 0.16560884,
      "iv": 85.84,
      "instrument_name": "BTC-31DEC21-40000-C",
      "index_price": 47066.58,
      "direction": "buy",
      "amount": 0.1
    },
    {
      "trade_seq": 2288,
      "trade_id": "195418596",
      "timestamp": 1639695457376,
      "tick_direction": 3,
      "price": 0.179,
      "mark_price": 0.17970952,
      "iv": 85.64,
      "instrument_name": "BTC-31DEC21-40000-C",
      "index_price": 47920.16,
      "direction": "buy",
      "amount": 0.2
    },
    {
      "trade_seq": 2287,
      "trade_id": "195418394",
      "timestamp": 1639695311473,
      "tick_direction": 2,
      "price": 0.179,
      "mark_price": 0.1791186,
      "iv": 86.97,
      "instrument_name": "BTC-31DEC21-40000-C",
      "index_price": 47885.39,
      "direction": "buy",
      "amount": 1.0
    },
    {
      "trade_seq": 2286,
      "trade_id": "195292982",
      "timestamp": 1639601272507,
      "tick_direction": 0,
      "price": 0.2,
      "mark_price": 0.20025077,
      "iv": 91.54,
      "instrument_name": "BTC-31DEC21-40000-C",
      "index_price": 49102.79,
      "direction": "sell",
      "amount": 0.2
    },
    {
      "trade_seq": 2285,
      "trade_id": "195134043",
      "timestamp": 1639532614052,
      "tick_direction": 1,
      "price": 0.185,
      "mark_price": 0.18501915,
      "iv": 90.32,
      "instrument_name": "BTC-31DEC21-40000-C",
      "index_price": 48029.1,
      "direction": "buy",
      "amount": 0.5
    },
    {
      "trade_seq": 2284,
      "trade_id": "195134026",
      "timestamp": 1639532583025,
      "tick_direction": 1,
      "price": 0.185,
      "mark_price": 0.18484934,
      "iv": 90.72,
      "instrument_name": "BTC-31DEC21-40000-C",
      "index_price": 48019.06,
      "direction": "buy",
      "amount": 1.7
    },
    {
      "trade_seq": 2283,
      "trade_id": "195133912",
      "timestamp": 1639532542272,
      "tick_direction": 1,
      "price": 0.185,
      "mark_price": 0.18449683,
      "iv": 91.53,
      "instrument_name": "BTC-31DEC21-40000-C",
      "index_price": 47991.64,
      "direction": "sell",
      "amount": 7.2
    },
    {
      "trade_seq": 2282,
      "trade_id": "195133910",
      "timestamp": 1639532538545,
      "tick_direction": 1,
      "price": 0.185,
      "mark_price": 0.18450219,
      "iv": 91.53,
      "instrument_name": "BTC-31DEC21-40000-C",
      "index_price": 47992.83,
      "direction": "sell",
      "amount": 1.2
    },
    {
      "trade_seq": 2281,
      "trade_id": "195133909",
      "timestamp": 1639532538358,
      "tick_direction": 1,
      "price": 0.185,
      "mark_price": 0.18450219,
      "iv": 91.53,
      "instrument_name": "BTC-31DEC21-40000-C",
      "index_price": 47992.83,
      "direction": "sell",
      "amount": 1.0
    },
    {
      "trade_seq": 2280,
      "trade_id": "195133868",
      "timestamp": 1639532525139,
      "tick_direction": 1,
      "price": 0.185,
      "mark_price": 0.18480073,
      "iv": 90.94,
      "instrument_name": "BTC-31DEC21-40000-C",
      "index_price": 48013.59,
      "direction": "sell",
      "amount": 1.1
    },
    {
      "trade_seq": 2279,
      "trade_id": "195133767",
      "timestamp": 1639532503942,
      "tick_direction": 1,
      "price": 0.185,
      "mark_price": 0.18476208,
      "iv": 91.06,
      "instrument_name": "BTC-31DEC21-40000-C",
      "index_price": 48003.42,
      "direction": "sell",
      "amount": 1.3
    },
    {
      "trade_seq": 2278,
      "trade_id": "195133758",
      "timestamp": 1639532499908,
      "tick_direction": 1,
      "price": 0.185,
      "mark_price": 0.18486553,
      "iv": 90.85,
      "instrument_name": "BTC-31DEC21-40000-C",
      "index_price": 48013.95,
      "direction": "sell",
      "amount": 1.8
    },
    {
      "trade_seq": 2277,
      "trade_id": "195133734",
      "timestamp": 1639532498370,
      "tick_direction": 1,
      "price": 0.185,
      "mark_price": 0.18486983,
      "iv": 90.86,
      "instrument_name": "BTC-31DEC21-40000-C",
      "index_price": 48014.43,
      "direction": "sell",
      "amount": 1.2
    },
    {
      "trade_seq": 2276,
      "trade_id": "195133695",
      "timestamp": 1639532494978,
      "tick_direction": 1,
      "price": 0.185,
      "mark_price": 0.18522876,
      "iv": 90.1,
      "instrument_name": "BTC-31DEC21-40000-C",
      "index_price": 48035.52,
      "direction": "sell",
      "amount": 1.1
    },
    {
      "trade_seq": 2275,
      "trade_id": "195133674",
      "timestamp": 1639532494377,
      "tick_direction": 1,
      "price": 0.185,
      "mark_price": 0.18523813,
      "iv": 90.1,
      "instrument_name": "BTC-31DEC21-40000-C",
      "index_price": 48035.52,
      "direction": "sell",
      "amount": 0.2
    },
    {
      "trade_seq": 2274,
      "trade_id": "195133672",
      "timestamp": 1639532494321,
      "tick_direction": 1,
      "price": 0.185,
      "mark_price": 0.18523813,
      "iv": 90.1,
      "instrument_name": "BTC-31DEC21-40000-C",
      "index_price": 48038.54,
      "direction": "sell",
      "amount": 0.1
    },
    {
      "trade_seq": 2273,
      "trade_id": "195133670",
      "timestamp": 1639532494290,
      "tick_direction": 1,
      "price": 0.185,
      "mark_price": 0.18523813,
      "iv": 90.1,
      "instrument_name": "BTC-31DEC21-40000-C",
      "index_price": 48038.54,
      "direction": "sell",
      "amount": 1.5
    },
    {
      "trade_seq": 2272,
      "trade_id": "195133571",
      "timestamp": 1639532453802,
      "tick_direction": 1,
      "price": 0.185,
      "mark_price": 0.18546406,
      "iv": 89.65,
      "instrument_name": "BTC-31DEC21-40000-C",
      "index_price": 48056.73,
      "direction": "sell",
      "amount": 0.1
    },
    {
      "trade_seq": 2271,
      "trade_id": "195133568",
      "timestamp": 1639532453780,
      "tick_direction": 1,
      "price": 0.185,
      "mark_price": 0.18546406,
      "iv": 89.65,
      "instrument_name": "BTC-31DEC21-40000-C",
      "index_price": 48056.73,
      "direction": "sell",
      "amount": 0.3
    },
    {
      "trade_seq": 2270,
      "trade_id": "195133563",
      "timestamp": 1639532453744,
      "tick_direction": 0,
      "price": 0.185,
      "mark_price": 0.18546406,
      "iv": 89.65,
      "instrument_name": "BTC-31DEC21-40000-C",
      "index_price": 48056.73,
      "direction": "sell",
      "amount": 0.9
    },
    {
      "trade_seq": 2269,
      "trade_id": "195100393",
      "timestamp": 1639514278981,
      "tick_direction": 1,
      "price": 0.1805,
      "mark_price": 0.18039359,
      "iv": 91.23,
      "instrument_name": "BTC-31DEC21-40000-C",
      "index_price": 47639.16,
      "direction": "buy",
      "amount": 2.0
    },
    {
      "trade_seq": 2268,
      "trade_id": "195100289",
      "timestamp": 1639514278153,
      "tick_direction": 0,
      "price": 0.1805,
      "mark_price": 0.18007286,
      "iv": 91.72,
      "instrument_name": "BTC-31DEC21-40000-C",
      "index_price": 47637.72,
      "direction": "buy",
      "amount": 6.0
    },
    {
      "trade_seq": 2267,
      "trade_id": "195087759",
      "timestamp": 1639506226085,
      "tick_direction": 3,
      "price": 0.165,
      "mark_price": 0.16611278,
      "iv": 88.05,
      "instrument_name": "BTC-31DEC21-40000-C",
      "index_price": 46693.17,
      "direction": "buy",
      "amount": 0.2
    },
    {
      "trade_seq": 2266,
      "trade_id": "195086106",
      "timestamp": 1639504739226,
      "tick_direction": 3,
      "price": 0.165,
      "mark_price": 0.16448875,
      "iv": 90.75,
      "instrument_name": "BTC-31DEC21-40000-C",
      "index_price": 46602.71,
      "direction": "sell",
      "amount": 0.3
    },
    {
      "trade_seq": 2265,
      "trade_id": "195086105",
      "timestamp": 1639504739224,
      "tick_direction": 3,
      "price": 0.165,
      "mark_price": 0.16448875,
      "iv": 90.75,
      "instrument_name": "BTC-31DEC21-40000-C",
      "index_price": 46602.71,
      "direction": "sell",
      "amount": 5.0
    },
    {
      "trade_seq": 2264,
      "trade_id": "195086104",
      "timestamp": 1639504739221,
      "tick_direction": 3,
      "price": 0.165,
      "mark_price": 0.16448875,
      "iv": 90.75,
      "instrument_name": "BTC-31DEC21-40000-C",
      "index_price": 46602.71,
      "direction": "sell",
      "amount": 2.7
    },
    {
      "trade_seq": 2263,
      "trade_id": "195086061",
      "timestamp": 1639504736451,
      "tick_direction": 3,
      "price": 0.165,
      "mark_price": 0.16462731,
      "iv": 90.48,
      "instrument_name": "BTC-31DEC21-40000-C",
      "index_price": 46606.17,
      "direction": "sell",
      "amount": 1.5
    },
    {
      "trade_seq": 2262,
      "trade_id": "195086017",
      "timestamp": 1639504731901,
      "tick_direction": 3,
      "price": 0.165,
      "mark_price": 0.16479359,
      "iv": 90.2,
      "instrument_name": "BTC-31DEC21-40000-C",
      "index_price": 46624.83,
      "direction": "sell",
      "amount": 1.4
    },
    {
      "trade_seq": 2261,
      "trade_id": "195085317",
      "timestamp": 1639504334117,
      "tick_direction": 3,
      "price": 0.165,
      "mark_price": 0.16496547,
      "iv": 90.02,
      "instrument_name": "BTC-31DEC21-40000-C",
      "index_price": 46609.79,
      "direction": "sell",
      "amount": 1.0
    },
    {
      "trade_seq": 2260,
      "trade_id": "195078868",
      "timestamp": 1639498995775,
      "tick_direction": 3,
      "price": 0.165,
      "mark_price": 0.1645723,
      "iv": 90.32,
      "instrument_name": "BTC-31DEC21-40000-C",
      "index_price": 46607.94,
      "direction": "sell",
      "amount": 1.0
    },
    {
      "trade_seq": 2259,
      "trade_id": "195078818",
      "timestamp": 1639498992920,
      "tick_direction": 3,
      "price": 0.165,
      "mark_price": 0.164841,
      "iv": 90.01,
      "instrument_name": "BTC-31DEC21-40000-C",
      "index_price": 46590.07,
      "direction": "sell",
      "amount": 2.9
    },
    {
      "trade_seq": 2258,
      "trade_id": "195078813",
      "timestamp": 1639498992664,
      "tick_direction": 3,
      "price": 0.165,
      "mark_price": 0.164841,
      "iv": 89.85,
      "instrument_name": "BTC-31DEC21-40000-C",
      "index_price": 46603.87,
      "direction": "sell",
      "amount": 1.3
    },
    {
      "trade_seq": 2257,
      "trade_id": "195078789",
      "timestamp": 1639498991884,
      "tick_direction": 3,
      "price": 0.165,
      "mark_price": 0.16494404,
      "iv": 89.85,
      "instrument_name": "BTC-31DEC21-40000-C",
      "index_price": 46603.87,
      "direction": "sell",
      "amount": 1.2
    },
    {
      "trade_seq": 2256,
      "trade_id": "195078784",
      "timestamp": 1639498991077,
      "tick_direction": 2,
      "price": 0.165,
      "mark_price": 0.16503412,
      "iv": 89.66,
      "instrument_name": "BTC-31DEC21-40000-C",
      "index_price": 46611.41,
      "direction": "sell",
      "amount": 1.7
    },
    {
      "trade_seq": 2255,
      "trade_id": "195077139",
      "timestamp": 1639498124212,
      "tick_direction": 3,
      "price": 0.1715,
      "mark_price": 0.17177965,
      "iv": 89.25,
      "instrument_name": "BTC-31DEC21-40000-C",
      "index_price": 47105.15,
      "direction": "buy",
      "amount": 0.4
    },
    {
      "trade_seq": 2254,
      "trade_id": "195077124",
      "timestamp": 1639498123076,
      "tick_direction": 3,
      "price": 0.1715,
      "mark_price": 0.17164304,
      "iv": 89.32,
      "instrument_name": "BTC-31DEC21-40000-C",
      "index_price": 47102.13,
      "direction": "buy",
      "amount": 2.5
    },
    {
      "trade_seq": 2253,
      "trade_id": "195077110",
      "timestamp": 1639498122495,
      "tick_direction": 3,
      "price": 0.1715,
      "mark_price": 0.17164304,
      "iv": 89.32,
      "instrument_name": "BTC-31DEC21-40000-C",
      "index_price": 47102.13,
      "direction": "buy",
      "amount": 0.3
    },
    {
      "trade_seq": 2252,
      "trade_id": "195077109",
      "timestamp": 1639498122464,
      "tick_direction": 3,
      "price": 0.1715,
      "mark_price": 0.17164304,
      "iv": 89.32,
      "instrument_name": "BTC-31DEC21-40000-C",
      "index_price": 47102.13,
      "direction": "buy",
      "amount": 2.6
    },
    {
      "trade_seq": 2251,
      "trade_id": "195077095",
      "timestamp": 1639498121356,
      "tick_direction": 2,
      "price": 0.1715,
      "mark_price": 0.17111244,
      "iv": 89.5,
      "instrument_name": "BTC-31DEC21-40000-C",
      "index_price": 47100.37,
      "direction": "buy",
      "amount": 3.0
    },
    {
      "trade_seq": 2250,
      "trade_id": "194884790",
      "timestamp": 1639412416292,
      "tick_direction": 3,
      "price": 0.178,
      "mark_price": 0.17581849,
      "iv": 95.45,
      "instrument_name": "BTC-31DEC21-40000-C",
      "index_price": 47225.32,
      "direction": "sell",
      "amount": 4.0
    },
    {
      "trade_seq": 2249,
      "trade_id": "194884789",
      "timestamp": 1639412416292,
      "tick_direction": 2,
      "price": 0.178,
      "mark_price": 0.17581849,
      "iv": 95.45,
      "instrument_name": "BTC-31DEC21-40000-C",
      "index_price": 47225.32,
      "direction": "sell",
      "amount": 1.0
    },
    {
      "trade_seq": 2248,
      "trade_id": "194738835",
      "timestamp": 1639313358691,
      "tick_direction": 0,
      "price": 0.21,
      "mark_price": 0.2112653,
      "iv": 91.4,
      "instrument_name": "BTC-31DEC21-40000-C",
      "index_price": 49538.47,
      "direction": "buy",
      "amount": 1.0
    },
    {
      "trade_seq": 2247,
      "trade_id": "194585109",
      "timestamp": 1639181440055,
      "tick_direction": 2,
      "price": 0.176,
      "mark_price": 0.17651514,
      "iv": 88.87,
      "instrument_name": "BTC-31DEC21-40000-C",
      "index_price": 47003.24,
      "direction": "sell",
      "amount": 0.1
    },
    {
      "trade_seq": 2246,
      "trade_id": "194574466",
      "timestamp": 1639178441139,
      "tick_direction": 2,
      "price": 0.185,
      "mark_price": 0.18524104,
      "iv": 88.92,
      "instrument_name": "BTC-31DEC21-40000-C",
      "index_price": 47720.02,
      "direction": "buy",
      "amount": 0.5
    },
    {
      "trade_seq": 2245,
      "trade_id": "194550882",
      "timestamp": 1639165072420,
      "tick_direction": 2,
      "price": 0.192,
      "mark_price": 0.1916051,
      "iv": 90.27,
      "instrument_name": "BTC-31DEC21-40000-C",
      "index_price": 48114.44,
      "direction": "buy",
      "amount": 0.1
    },
    {
      "trade_seq": 2244,
      "trade_id": "194492745",
      "timestamp": 1639147562984,
      "tick_direction": 0,
      "price": 0.207,
      "mark_price": 0.20194579,
      "iv": 99.85,
      "instrument_name": "BTC-31DEC21-40000-C",
      "index_price": 48832.6,
      "direction": "sell",
      "amount": 0.2
    },
    {
      "trade_seq": 2243,
      "trade_id": "194491818",
      "timestamp": 1639147557887,
      "tick_direction": 2,
      "price": 0.204,
      "mark_price": 0.20709357,
      "iv": 84.95,
      "instrument_name": "BTC-31DEC21-40000-C",
      "index_price": 49113.84,
      "direction": "sell",
      "amount": 5.2
    },
    {
      "trade_seq": 2242,
      "trade_id": "194476074",
      "timestamp": 1639143337198,
      "tick_direction": 0,
      "price": 0.2165,
      "mark_price": 0.21513477,
      "iv": 93.53,
      "instrument_name": "BTC-31DEC21-40000-C",
      "index_price": 49742.19,
      "direction": "buy",
      "amount": 5.3
    },
    {
      "trade_seq": 2241,
      "trade_id": "194473021",
      "timestamp": 1639143029271,
      "tick_direction": 0,
      "price": 0.21,
      "mark_price": 0.20935562,
      "iv": 92.03,
      "instrument_name": "BTC-31DEC21-40000-C",
      "index_price": 49306.58,
      "direction": "buy",
      "amount": 1.0
    },
    {
      "trade_seq": 2240,
      "trade_id": "194315048",
      "timestamp": 1639061359418,
      "tick_direction": 3,
      "price": 0.2,
      "mark_price": 0.19956289,
      "iv": 90.03,
      "instrument_name": "BTC-31DEC21-40000-C",
      "index_price": 48602.05,
      "direction": "sell",
      "amount": 13.7
    },
    {
      "trade_seq": 2239,
      "trade_id": "194314977",
      "timestamp": 1639061357043,
      "tick_direction": 3,
      "price": 0.2,
      "mark_price": 0.1997591,
      "iv": 89.91,
      "instrument_name": "BTC-31DEC21-40000-C",
      "index_price": 48602.25,
      "direction": "sell",
      "amount": 1.6
    },
    {
      "trade_seq": 2238,
      "trade_id": "194314968",
      "timestamp": 1639061356622,
      "tick_direction": 3,
      "price": 0.2,
      "mark_price": 0.20006748,
      "iv": 89.91,
      "instrument_name": "BTC-31DEC21-40000-C",
      "index_price": 48602.25,
      "direction": "sell",
      "amount": 0.1
    },
    {
      "trade_seq": 2237,
      "trade_id": "194314967",
      "timestamp": 1639061356576,
      "tick_direction": 3,
      "price": 0.2,
      "mark_price": 0.20006748,
      "iv": 89.91,
      "instrument_name": "BTC-31DEC21-40000-C",
      "index_price": 48602.25,
      "direction": "sell",
      "amount": 0.1
    },
    {
      "trade_seq": 2236,
      "trade_id": "194314965",
      "timestamp": 1639061356536,
      "tick_direction": 2,
      "price": 0.2,
      "mark_price": 0.20006748,
      "iv": 89.91,
      "instrument_name": "BTC-31DEC21-40000-C",
      "index_price": 48602.25,
      "direction": "sell",
      "amount": 4.5
    },
    {
      "trade_seq": 2235,
      "trade_id": "194300027",
      "timestamp": 1639051757999,
      "tick_direction": 2,
      "price": 0.2055,
      "mark_price": 0.20931918,
      "iv": 82.72,
      "instrument_name": "BTC-31DEC21-40000-C",
      "index_price": 49266.42,
      "direction": "sell",
      "amount": 1.0
    },
    {
      "trade_seq": 2234,
      "trade_id": "194087251",
      "timestamp": 1638920436231,
      "tick_direction": 0,
      "price": 0.229,
      "mark_price": 0.22917591,
      "iv": 87.54,
      "instrument_name": "BTC-31DEC21-40000-C",
      "index_price": 50729.12,
      "direction": "buy",
      "amount": 5.0
    },
    {
      "trade_seq": 2233,
      "trade_id": "194074660",
      "timestamp": 1638911160202,
      "tick_direction": 2,
      "price": 0.2265,
      "mark_price": 0.22673448,
      "iv": 88.36,
      "instrument_name": "BTC-31DEC21-40000-C",
      "index_price": 50518.25,
      "direction": "buy",
      "amount": 1.9
    },
    {
      "trade_seq": 2232,
      "trade_id": "194043033",
      "timestamp": 1638895671213,
      "tick_direction": 0,
      "price": 0.234,
      "mark_price": 0.23791773,
      "iv": 83.21,
      "instrument_name": "BTC-31DEC21-40000-C",
      "index_price": 51243.7,
      "direction": "sell",
      "amount": 0.7
    },
    {
      "trade_seq": 2231,
      "trade_id": "193837187",
      "timestamp": 1638804602354,
      "tick_direction": 0,
      "price": 0.207,
      "mark_price": 0.20777409,
      "iv": 90.51,
      "instrument_name": "BTC-31DEC21-40000-C",
      "index_price": 48850.93,
      "direction": "buy",
      "amount": 0.5
    },
    {
      "trade_seq": 2230,
      "trade_id": "193464813",
      "timestamp": 1638652689830,
      "tick_direction": 2,
      "price": 0.206,
      "mark_price": 0.20847164,
      "iv": 84.32,
      "instrument_name": "BTC-31DEC21-40000-C",
      "index_price": 49013.39,
      "direction": "buy",
      "amount": 1.0
    },
    {
      "trade_seq": 2229,
      "trade_id": "193458540",
      "timestamp": 1638649414234,
      "tick_direction": 0,
      "price": 0.219,
      "mark_price": 0.21475118,
      "iv": 95.19,
      "instrument_name": "BTC-31DEC21-40000-C",
      "index_price": 49452.44,
      "direction": "buy",
      "amount": 0.1
    },
    {
      "trade_seq": 2228,
      "trade_id": "193436047",
      "timestamp": 1638640245614,
      "tick_direction": 0,
      "price": 0.199,
      "mark_price": 0.19948752,
      "iv": 88.74,
      "instrument_name": "BTC-31DEC21-40000-C",
      "index_price": 48269.81,
      "direction": "buy",
      "amount": 0.1
    },
    {
      "trade_seq": 2227,
      "trade_id": "193359063",
      "timestamp": 1638616581906,
      "tick_direction": 2,
      "price": 0.185,
      "mark_price": 0.18474638,
      "iv": 90.21,
      "instrument_name": "BTC-31DEC21-40000-C",
      "index_price": 47002.93,
      "direction": "sell",
      "amount": 10.0
    },
    {
      "trade_seq": 2226,
      "trade_id": "192314655",
      "timestamp": 1638207074278,
      "tick_direction": 1,
      "price": 0.332,
      "mark_price": 0.33225747,
      "iv": 92.39,
      "instrument_name": "BTC-31DEC21-40000-C",
      "index_price": 58714.74,
      "direction": "sell",
      "amount": 0.1
    },
    {
      "trade_seq": 2225,
      "trade_id": "192314654",
      "timestamp": 1638207074245,
      "tick_direction": 1,
      "price": 0.332,
      "mark_price": 0.33225747,
      "iv": 92.39,
      "instrument_name": "BTC-31DEC21-40000-C",
      "index_price": 58714.74,
      "direction": "sell",
      "amount": 0.1
    },
    {
      "trade_seq": 2224,
      "trade_id": "192314653",
      "timestamp": 1638207074206,
      "tick_direction": 1,
      "price": 0.332,
      "mark_price": 0.33225747,
      "iv": 92.39,
      "instrument_name": "BTC-31DEC21-40000-C",
      "index_price": 58714.74,
      "direction": "sell",
      "amount": 1.8
    },
    {
      "trade_seq": 2223,
      "trade_id": "192313943",
      "timestamp": 1638206985502,
      "tick_direction": 0,
      "price": 0.332,
      "mark_price": 0.33135984,
      "iv": 94.8,
      "instrument_name": "BTC-31DEC21-40000-C",
      "index_price": 58630.5,
      "direction": "sell",
      "amount": 1.0
    },
    {
      "trade_seq": 2222,
      "trade_id": "192313938",
      "timestamp": 1638206984605,
      "tick_direction": 0,
      "price": 0.331,
      "mark_price": 0.33135202,
      "iv": 91.92,
      "instrument_name": "BTC-31DEC21-40000-C",
      "index_price": 58630.5,
      "direction": "sell",
      "amount": 0.5
    },
    {
      "trade_seq": 2221,
      "trade_id": "191890145",
      "timestamp": 1637927968373,
      "tick_direction": 2,
      "price": 0.28,
      "mark_price": 0.27990827,
      "iv": 94.92,
      "instrument_name": "BTC-31DEC21-40000-C",
      "index_price": 53749.19,
      "direction": "sell",
      "amount": 0.1
    },
    {
      "trade_seq": 2220,
      "trade_id": "191855354",
      "timestamp": 1637922817545,
      "tick_direction": 3,
      "price": 0.29,
      "mark_price": 0.2899639,
      "iv": 94.28,
      "instrument_name": "BTC-31DEC21-40000-C",
      "index_price": 54550.76,
      "direction": "sell",
      "amount": 1.9
    },
    {
      "trade_seq": 2219,
      "trade_id": "191855345",
      "timestamp": 1637922814299,
      "tick_direction": 3,
      "price": 0.29,
      "mark_price": 0.28997901,
      "iv": 94.32,
      "instrument_name": "BTC-31DEC21-40000-C",
      "index_price": 54550.85,
      "direction": "sell",
      "amount": 2.4
    },
    {
      "trade_seq": 2218,
      "trade_id": "191855279",
      "timestamp": 1637922803318,
      "tick_direction": 3,
      "price": 0.29,
      "mark_price": 0.29022068,
      "iv": 93.9,
      "instrument_name": "BTC-31DEC21-40000-C",
      "index_price": 54574.98,
      "direction": "sell",
      "amount": 0.1
    },
    {
      "trade_seq": 2217,
      "trade_id": "191855267",
      "timestamp": 1637922803289,
      "tick_direction": 3,
      "price": 0.29,
      "mark_price": 0.29022068,
      "iv": 93.9,
      "instrument_name": "BTC-31DEC21-40000-C",
      "index_price": 54574.98,
      "direction": "sell",
      "amount": 0.1
    },
    {
      "trade_seq": 2216,
      "trade_id": "191855236",
      "timestamp": 1637922803252,
      "tick_direction": 3,
      "price": 0.29,
      "mark_price": 0.29022068,
      "iv": 93.9,
      "instrument_name": "BTC-31DEC21-40000-C",
      "index_price": 54574.98,
      "direction": "sell",
      "amount": 1.8
    },
    {
      "trade_seq": 2215,
      "trade_id": "191847580",
      "timestamp": 1637921162715,
      "tick_direction": 3,
      "price": 0.29,
      "mark_price": 0.289837,
      "iv": 94.3,
      "instrument_name": "BTC-31DEC21-40000-C",
      "index_price": 54605.16,
      "direction": "sell",
      "amount": 1.2
    },
    {
      "trade_seq": 2214,
      "trade_id": "191847527",
      "timestamp": 1637921159986,
      "tick_direction": 3,
      "price": 0.29,
      "mark_price": 0.29009276,
      "iv": 93.86,
      "instrument_name": "BTC-31DEC21-40000-C",
      "index_price": 54624.09,
      "direction": "sell",
      "amount": 0.1
    },
    {
      "trade_seq": 2213,
      "trade_id": "191847526",
      "timestamp": 1637921159928,
      "tick_direction": 3,
      "price": 0.29,
      "mark_price": 0.29009276,
      "iv": 93.86,
      "instrument_name": "BTC-31DEC21-40000-C",
      "index_price": 54624.09,
      "direction": "sell",
      "amount": 0.1
    },
    {
      "trade_seq": 2212,
      "trade_id": "191847525",
      "timestamp": 1637921159876,
      "tick_direction": 2,
      "price": 0.29,
      "mark_price": 0.29009276,
      "iv": 93.86,
      "instrument_name": "BTC-31DEC21-40000-C",
      "index_price": 54624.09,
      "direction": "sell",
      "amount": 2.3
    },
    {
      "trade_seq": 2211,
      "trade_id": "191520901",
      "timestamp": 1637794141244,
      "tick_direction": 0,
      "price": 0.3215,
      "mark_price": 0.32107023,
      "iv": 99.7,
      "instrument_name": "BTC-31DEC21-40000-C",
      "index_price": 56989.03,
      "direction": "sell",
      "amount": 1.0
    },
    {
      "trade_seq": 2210,
      "trade_id": "191458336",
      "timestamp": 1637763802245,
      "tick_direction": 2,
      "price": 0.3065,
      "mark_price": 0.30962425,
      "iv": 90.83,
      "instrument_name": "BTC-31DEC21-40000-C",
      "index_price": 56076.84,
      "direction": "sell",
      "amount": 0.1
    },
    {
      "trade_seq": 2209,
      "trade_id": "191384159",
      "timestamp": 1637721925861,
      "tick_direction": 2,
      "price": 0.3135,
      "mark_price": 0.31326627,
      "iv": 98.77,
      "instrument_name": "BTC-31DEC21-40000-C",
      "index_price": 56260.45,
      "direction": "sell",
      "amount": 0.3
    },
    {
      "trade_seq": 2208,
      "trade_id": "191006896",
      "timestamp": 1637588059856,
      "tick_direction": 0,
      "price": 0.328,
      "mark_price": 0.32762834,
      "iv": 93.57,
      "instrument_name": "BTC-31DEC21-40000-C",
      "index_price": 57814.62,
      "direction": "buy",
      "amount": 0.1
    },
    {
      "trade_seq": 2207,
      "trade_id": "190725593",
      "timestamp": 1637339325393,
      "tick_direction": 2,
      "price": 0.3265,
      "mark_price": 0.33065405,
      "iv": 86.34,
      "instrument_name": "BTC-31DEC21-40000-C",
      "index_price": 57862.48,
      "direction": "sell",
      "amount": 0.1
    },
    {
      "trade_seq": 2206,
      "trade_id": "190582951",
      "timestamp": 1637283208687,
      "tick_direction": 0,
      "price": 0.33,
      "mark_price": 0.32856009,
      "iv": 99.43,
      "instrument_name": "BTC-31DEC21-40000-C",
      "index_price": 57470.89,
      "direction": "sell",
      "amount": 0.3
    },
    {
      "trade_seq": 2205,
      "trade_id": "190558594",
      "timestamp": 1637276134978,
      "tick_direction": 2,
      "price": 0.32,
      "mark_price": 0.32033648,
      "iv": 95.37,
      "instrument_name": "BTC-31DEC21-40000-C",
      "index_price": 56767.61,
      "direction": "sell",
      "amount": 0.1
    },
    {
      "trade_seq": 2204,
      "trade_id": "190492544",
      "timestamp": 1637255897331,
      "tick_direction": 2,
      "price": 0.327,
      "mark_price": 0.32735292,
      "iv": 97.23,
      "instrument_name": "BTC-31DEC21-40000-C",
      "index_price": 57273.97,
      "direction": "buy",
      "amount": 0.1
    },
    {
      "trade_seq": 2203,
      "trade_id": "190370393",
      "timestamp": 1637229531073,
      "tick_direction": 2,
      "price": 0.348,
      "mark_price": 0.34758475,
      "iv": 98.37,
      "instrument_name": "BTC-31DEC21-40000-C",
      "index_price": 59284.68,
      "direction": "sell",
      "amount": 2.0
    },
    {
      "trade_seq": 2202,
      "trade_id": "190365357",
      "timestamp": 1637227990098,
      "tick_direction": 3,
      "price": 0.3485,
      "mark_price": 0.34819119,
      "iv": 98.0,
      "instrument_name": "BTC-31DEC21-40000-C",
      "index_price": 59372.39,
      "direction": "sell",
      "amount": 0.5
    },
    {
      "trade_seq": 2201,
      "trade_id": "190365356",
      "timestamp": 1637227987255,
      "tick_direction": 2,
      "price": 0.3485,
      "mark_price": 0.34825766,
      "iv": 97.88,
      "instrument_name": "BTC-31DEC21-40000-C",
      "index_price": 59379.86,
      "direction": "sell",
      "amount": 1.5
    },
    {
      "trade_seq": 2200,
      "trade_id": "189947333",
      "timestamp": 1637053929126,
      "tick_direction": 2,
      "price": 0.3615,
      "mark_price": 0.36178141,
      "iv": 95.57,
      "instrument_name": "BTC-31DEC21-40000-C",
      "index_price": 60859.81,
      "direction": "buy",
      "amount": 0.5
    },
    {
      "trade_seq": 2199,
      "trade_id": "189875330",
      "timestamp": 1637035813861,
      "tick_direction": 2,
      "price": 0.362,
      "mark_price": 0.36242132,
      "iv": 95.43,
      "instrument_name": "BTC-31DEC21-40000-C",
      "index_price": 60928.5,
      "direction": "buy",
      "amount": 0.1
    },
    {
      "trade_seq": 2198,
      "trade_id": "188708336",
      "timestamp": 1636420719428,
      "tick_direction": 2,
      "price": 0.432,
      "mark_price": 0.43218172,
      "iv": 96.86,
      "instrument_name": "BTC-31DEC21-40000-C",
      "index_price": 67560.57,
      "direction": "buy",
      "amount": 0.2
    },
    {
      "trade_seq": 2197,
      "trade_id": "188690935",
      "timestamp": 1636413780102,
      "tick_direction": 0,
      "price": 0.435,
      "mark_price": 0.43462885,
      "iv": 99.95,
      "instrument_name": "BTC-31DEC21-40000-C",
      "index_price": 67757.78,
      "direction": "buy",
      "amount": 0.5
    },
    {
      "trade_seq": 2196,
      "trade_id": "188678259",
      "timestamp": 1636411218169,
      "tick_direction": 0,
      "price": 0.422,
      "mark_price": 0.4223766,
      "iv": 96.06,
      "instrument_name": "BTC-31DEC21-40000-C",
      "index_price": 66432.6,
      "direction": "buy",
      "amount": 0.2
    },
    {
      "trade_seq": 2195,
      "trade_id": "188676795",
      "timestamp": 1636409744449,
      "tick_direction": 0,
      "price": 0.42,
      "mark_price": 0.42076024,
      "iv": 95.44,
      "instrument_name": "BTC-31DEC21-40000-C",
      "index_price": 66249.72,
      "direction": "buy",
      "amount": 0.2
    },
    {
      "trade_seq": 2194,
      "trade_id": "188447327",
      "timestamp": 1636303428080,
      "tick_direction": 0,
      "price": 0.385,
      "mark_price": 0.38474491,
      "iv": 93.95,
      "instrument_name": "BTC-31DEC21-40000-C",
      "index_price": 62240.34,
      "direction": "buy",
      "amount": 0.5
    },
    {
      "trade_seq": 2193,
      "trade_id": "188345525",
      "timestamp": 1636205384947,
      "tick_direction": 2,
      "price": 0.3655,
      "mark_price": 0.36564292,
      "iv": 91.38,
      "instrument_name": "BTC-31DEC21-40000-C",
      "index_price": 60569.76,
      "direction": "buy",
      "amount": 0.3
    },
    {
      "trade_seq": 2192,
      "trade_id": "188012976",
      "timestamp": 1635990003596,
      "tick_direction": 3,
      "price": 0.39,
      "mark_price": 0.38959744,
      "iv": 93.54,
      "instrument_name": "BTC-31DEC21-40000-C",
      "index_price": 62522.2,
      "direction": "sell",
      "amount": 0.5
    },
    {
      "trade_seq": 2191,
      "trade_id": "188012971",
      "timestamp": 1635989975740,
      "tick_direction": 2,
      "price": 0.39,
      "mark_price": 0.38955763,
      "iv": 93.62,
      "instrument_name": "BTC-31DEC21-40000-C",
      "index_price": 62523.33,
      "direction": "sell",
      "amount": 1.5
    },
    {
      "trade_seq": 2190,
      "trade_id": "187892449",
      "timestamp": 1635931318250,
      "tick_direction": 2,
      "price": 0.395,
      "mark_price": 0.3946295,
      "iv": 92.77,
      "instrument_name": "BTC-31DEC21-40000-C",
      "index_price": 63099.44,
      "direction": "sell",
      "amount": 0.9
    },
    {
      "trade_seq": 2189,
      "trade_id": "187808734",
      "timestamp": 1635865189055,
      "tick_direction": 0,
      "price": 0.3995,
      "mark_price": 0.3998056,
      "iv": 93.51,
      "instrument_name": "BTC-31DEC21-40000-C",
      "index_price": 63413.38,
      "direction": "sell",
      "amount": 1.0
    },
    {
      "trade_seq": 2188,
      "trade_id": "187808539",
      "timestamp": 1635864986362,
      "tick_direction": 1,
      "price": 0.399,
      "mark_price": 0.39957364,
      "iv": 92.98,
      "instrument_name": "BTC-31DEC21-40000-C",
      "index_price": 63386.07,
      "direction": "sell",
      "amount": 1.0
    },
    {
      "trade_seq": 2187,
      "trade_id": "187808443",
      "timestamp": 1635864893564,
      "tick_direction": 0,
      "price": 0.399,
      "mark_price": 0.39950292,
      "iv": 93.11,
      "instrument_name": "BTC-31DEC21-40000-C",
      "index_price": 63374.84,
      "direction": "sell",
      "amount": 1.0
    },
    {
      "trade_seq": 2186,
      "trade_id": "187460567",
      "timestamp": 1635662556768,
      "tick_direction": 2,
      "price": 0.3775,
      "mark_price": 0.37826221,
      "iv": 90.86,
      "instrument_name": "BTC-31DEC21-40000-C",
      "index_price": 61196.1,
      "direction": "buy",
      "amount": 0.3
    },
    {
      "trade_seq": 2185,
      "trade_id": "187144481",
      "timestamp": 1635471169895,
      "tick_direction": 0,
      "price": 0.39,
      "mark_price": 0.39160338,
      "iv": 92.96,
      "instrument_name": "BTC-31DEC21-40000-C",
      "index_price": 61947.78,
      "direction": "buy",
      "amount": 0.1
    },
    {
      "trade_seq": 2184,
      "trade_id": "187104605",
      "timestamp": 1635457612865,
      "tick_direction": 0,
      "price": 0.3805,
      "mark_price": 0.37894499,
      "iv": 96.99,
      "instrument_name": "BTC-31DEC21-40000-C",
      "index_price": 60731.31,
      "direction": "sell",
      "amount": 0.1
    },
    {
      "trade_seq": 2183,
      "trade_id": "187027278",
      "timestamp": 1635446344829,
      "tick_direction": 2,
      "price": 0.351,
      "mark_price": 0.35144736,
      "iv": 93.22,
      "instrument_name": "BTC-31DEC21-40000-C",
      "index_price": 58240.35,
      "direction": "sell",
      "amount": 15.0
    },
    {
      "trade_seq": 2182,
      "trade_id": "186903843",
      "timestamp": 1635389354143,
      "tick_direction": 2,
      "price": 0.3591,
      "mark_price": 0.35862911,
      "iv": 93.89,
      "instrument_name": "BTC-31DEC21-40000-C",
      "index_price": 58881.35,
      "direction": "sell",
      "block_trade_id": "24136",
      "amount": 25.0
    },
    {
      "trade_seq": 2181,
      "trade_id": "186522641",
      "timestamp": 1635256960129,
      "tick_direction": 2,
      "price": 0.392,
      "mark_price": 0.39203823,
      "iv": 93.04,
      "instrument_name": "BTC-31DEC21-40000-C",
      "index_price": 62060.11,
      "direction": "buy",
      "amount": 1.0
    },
    {
      "trade_seq": 2180,
      "trade_id": "186348674",
      "timestamp": 1635146963081,
      "tick_direction": 0,
      "price": 0.399,
      "mark_price": 0.39863688,
      "iv": 95.43,
      "instrument_name": "BTC-31DEC21-40000-C",
      "index_price": 62646.38,
      "direction": "buy",
      "amount": 0.1
    },
    {
      "trade_seq": 2179,
      "trade_id": "186340656",
      "timestamp": 1635138709585,
      "tick_direction": 0,
      "price": 0.392,
      "mark_price": 0.39218637,
      "iv": 94.31,
      "instrument_name": "BTC-31DEC21-40000-C",
      "index_price": 61916.65,
      "direction": "buy",
      "amount": 0.2
    },
    {
      "trade_seq": 2178,
      "trade_id": "186058450",
      "timestamp": 1634919780327,
      "tick_direction": 0,
      "price": 0.382,
      "mark_price": 0.38132743,
      "iv": 92.51,
      "instrument_name": "BTC-31DEC21-40000-C",
      "index_price": 60846.28,
      "direction": "sell",
      "amount": 0.7
    },
    {
      "trade_seq": 2177,
      "trade_id": "186050309",
      "timestamp": 1634919214997,
      "tick_direction": 2,
      "price": 0.377,
      "mark_price": 0.37545286,
      "iv": 93.81,
      "instrument_name": "BTC-31DEC21-40000-C",
      "index_price": 60206.23,
      "direction": "sell",
      "amount": 0.1
    },
    {
      "trade_seq": 2176,
      "trade_id": "185538336",
      "timestamp": 1634761978488,
      "tick_direction": 2,
      "price": 0.415,
      "mark_price": 0.42659298,
      "iv": 74.73,
      "instrument_name": "BTC-31DEC21-40000-C",
      "index_price": 65696.73,
      "direction": "sell",
      "amount": 0.1
    },
    {
      "trade_seq": 2175,
      "trade_id": "185454872",
      "timestamp": 1634742735307,
      "tick_direction": 0,
      "price": 0.4325,
      "mark_price": 0.43706187,
      "iv": 91.21,
      "instrument_name": "BTC-31DEC21-40000-C",
      "index_price": 66612.79,
      "direction": "sell",
      "amount": 0.1
    },
    {
      "trade_seq": 2174,
      "trade_id": "185425379",
      "timestamp": 1634738860051,
      "tick_direction": 1,
      "price": 0.43,
      "mark_price": 0.43043124,
      "iv": 97.11,
      "instrument_name": "BTC-31DEC21-40000-C",
      "index_price": 66000.25,
      "direction": "buy",
      "amount": 0.3
    },
    {
      "trade_seq": 2173,
      "trade_id": "185407314",
      "timestamp": 1634737513902,
      "tick_direction": 0,
      "price": 0.43,
      "mark_price": 0.42993915,
      "iv": 96.8,
      "instrument_name": "BTC-31DEC21-40000-C",
      "index_price": 65959.74,
      "direction": "buy",
      "amount": 0.1
    },
    {
      "trade_seq": 2172,
      "trade_id": "185295229",
      "timestamp": 1634674498023,
      "tick_direction": 0,
      "price": 0.415,
      "mark_price": 0.41473213,
      "iv": 96.42,
      "instrument_name": "BTC-31DEC21-40000-C",
      "index_price": 64289.3,
      "direction": "buy",
      "amount": 0.2
    },
    {
      "trade_seq": 2171,
      "trade_id": "185290645",
      "timestamp": 1634673481731,
      "tick_direction": 0,
      "price": 0.414,
      "mark_price": 0.41411512,
      "iv": 95.53,
      "instrument_name": "BTC-31DEC21-40000-C",
      "index_price": 64180.7,
      "direction": "buy",
      "amount": 0.1
    },
    {
      "trade_seq": 2170,
      "trade_id": "185280982",
      "timestamp": 1634671182875,
      "tick_direction": 0,
      "price": 0.41,
      "mark_price": 0.41011415,
      "iv": 95.05,
      "instrument_name": "BTC-31DEC21-40000-C",
      "index_price": 63737.05,
      "direction": "buy",
      "amount": 1.0
    },
    {
      "trade_seq": 2169,
      "trade_id": "185252738",
      "timestamp": 1634661693394,
      "tick_direction": 0,
      "price": 0.403,
      "mark_price": 0.4026818,
      "iv": 96.65,
      "instrument_name": "BTC-31DEC21-40000-C",
      "index_price": 62828.38,
      "direction": "buy",
      "amount": 0.1
    },
    {
      "trade_seq": 2168,
      "trade_id": "184939251",
      "timestamp": 1634508875396,
      "tick_direction": 0,
      "price": 0.387,
      "mark_price": 0.38752804,
      "iv": 94.19,
      "instrument_name": "BTC-31DEC21-40000-C",
      "index_price": 61151.05,
      "direction": "buy",
      "amount": 0.8
    },
    {
      "trade_seq": 2167,
      "trade_id": "184869447",
      "timestamp": 1634481077551,
      "tick_direction": 2,
      "price": 0.384,
      "mark_price": 0.38409707,
      "iv": 93.94,
      "instrument_name": "BTC-31DEC21-40000-C",
      "index_price": 60773.77,
      "direction": "buy",
      "amount": 0.1
    },
    {
      "trade_seq": 2166,
      "trade_id": "184660094",
      "timestamp": 1634329502596,
      "tick_direction": 0,
      "price": 0.408,
      "mark_price": 0.40768647,
      "iv": 97.37,
      "instrument_name": "BTC-31DEC21-40000-C",
      "index_price": 62715.2,
      "direction": "buy",
      "amount": 1.0
    },
    {
      "trade_seq": 2165,
      "trade_id": "184590581",
      "timestamp": 1634316187074,
      "tick_direction": 1,
      "price": 0.4,
      "mark_price": 0.40027629,
      "iv": 103.49,
      "instrument_name": "BTC-31DEC21-40000-C",
      "index_price": 61185.67,
      "direction": "buy",
      "amount": 0.9
    },
    {
      "trade_seq": 2164,
      "trade_id": "184588448",
      "timestamp": 1634316046886,
      "tick_direction": 0,
      "price": 0.4,
      "mark_price": 0.39934376,
      "iv": 104.52,
      "instrument_name": "BTC-31DEC21-40000-C",
      "index_price": 61104.69,
      "direction": "buy",
      "amount": 1.1
    },
    {
      "trade_seq": 2163,
      "trade_id": "184539957",
      "timestamp": 1634306124812,
      "tick_direction": 1,
      "price": 0.39,
      "mark_price": 0.39025625,
      "iv": 102.87,
      "instrument_name": "BTC-31DEC21-40000-C",
      "index_price": 60085.54,
      "direction": "buy",
      "amount": 0.1
    },
    {
      "trade_seq": 2162,
      "trade_id": "184537708",
      "timestamp": 1634306015756,
      "tick_direction": 0,
      "price": 0.39,
      "mark_price": 0.38953271,
      "iv": 103.98,
      "instrument_name": "BTC-31DEC21-40000-C",
      "index_price": 60004.65,
      "direction": "buy",
      "amount": 0.9
    },
    {
      "trade_seq": 2161,
      "trade_id": "184529084",
      "timestamp": 1634303978763,
      "tick_direction": 0,
      "price": 0.388,
      "mark_price": 0.38751572,
      "iv": 103.98,
      "instrument_name": "BTC-31DEC21-40000-C",
      "index_price": 59805.4,
      "direction": "buy",
      "amount": 0.1
    },
    {
      "trade_seq": 2160,
      "trade_id": "184522627",
      "timestamp": 1634301559161,
      "tick_direction": 2,
      "price": 0.378,
      "mark_price": 0.38400991,
      "iv": 96.64,
      "instrument_name": "BTC-31DEC21-40000-C",
      "index_price": 59407.29,
      "direction": "buy",
      "amount": 0.1
    },
    {
      "trade_seq": 2159,
      "trade_id": "184443258",
      "timestamp": 1634269139317,
      "tick_direction": 0,
      "price": 0.381,
      "mark_price": 0.3807581,
      "iv": 100.39,
      "instrument_name": "BTC-31DEC21-40000-C",
      "index_price": 59258.11,
      "direction": "buy",
      "amount": 0.1
    },
    {
      "trade_seq": 2158,
      "trade_id": "184441920",
      "timestamp": 1634268577316,
      "tick_direction": 0,
      "price": 0.38,
      "mark_price": 0.37965155,
      "iv": 100.35,
      "instrument_name": "BTC-31DEC21-40000-C",
      "index_price": 59145.23,
      "direction": "buy",
      "amount": 0.5
    },
    {
      "trade_seq": 2157,
      "trade_id": "184441622",
      "timestamp": 1634268457570,
      "tick_direction": 1,
      "price": 0.3795,
      "mark_price": 0.3791644,
      "iv": 100.33,
      "instrument_name": "BTC-31DEC21-40000-C",
      "index_price": 59096.31,
      "direction": "buy",
      "amount": 1.0
    },
    {
      "trade_seq": 2156,
      "trade_id": "184441448",
      "timestamp": 1634268343037,
      "tick_direction": 0,
      "price": 0.3795,
      "mark_price": 0.37919005,
      "iv": 100.27,
      "instrument_name": "BTC-31DEC21-40000-C",
      "index_price": 59102.82,
      "direction": "buy",
      "amount": 1.0
    },
    {
      "trade_seq": 2155,
      "trade_id": "184441413",
      "timestamp": 1634268311506,
      "tick_direction": 0,
      "price": 0.379,
      "mark_price": 0.37901794,
      "iv": 99.9,
      "instrument_name": "BTC-31DEC21-40000-C",
      "index_price": 59072.49,
      "direction": "buy",
      "amount": 1.0
    },
    {
      "trade_seq": 2154,
      "trade_id": "184412106",
      "timestamp": 1634264794374,
      "tick_direction": 0,
      "price": 0.37,
      "mark_price": 0.37009786,
      "iv": 97.91,
      "instrument_name": "BTC-31DEC21-40000-C",
      "index_price": 58300.22,
      "direction": "buy",
      "amount": 1.0
    },
    {
      "trade_seq": 2153,
      "trade_id": "183947680",
      "timestamp": 1634028850590,
      "tick_direction": 0,
      "price": 0.359,
      "mark_price": 0.35902498,
      "iv": 92.92,
      "instrument_name": "BTC-31DEC21-40000-C",
      "index_price": 57486.79,
      "direction": "buy",
      "amount": 2.0
    },
    {
      "trade_seq": 2152,
      "trade_id": "183911938",
      "timestamp": 1634000668456,
      "tick_direction": 2,
      "price": 0.3485,
      "mark_price": 0.35310349,
      "iv": 87.96,
      "instrument_name": "BTC-31DEC21-40000-C",
      "index_price": 56863.71,
      "direction": "sell",
      "amount": 0.1
    },
    {
      "trade_seq": 2151,
      "trade_id": "183855405",
      "timestamp": 1633962095957,
      "tick_direction": 1,
      "price": 0.36,
      "mark_price": 0.36036448,
      "iv": 93.27,
      "instrument_name": "BTC-31DEC21-40000-C",
      "index_price": 57435.66,
      "direction": "buy",
      "amount": 0.6
    },
    {
      "trade_seq": 2150,
      "trade_id": "183850880",
      "timestamp": 1633960467938,
      "tick_direction": 0,
      "price": 0.36,
      "mark_price": 0.36041209,
      "iv": 93.17,
      "instrument_name": "BTC-31DEC21-40000-C",
      "index_price": 57423.3,
      "direction": "buy",
      "amount": 0.4
    },
    {
      "trade_seq": 2149,
      "trade_id": "183801745",
      "timestamp": 1633935872968,
      "tick_direction": 0,
      "price": 0.355,
      "mark_price": 0.35492165,
      "iv": 92.9,
      "instrument_name": "BTC-31DEC21-40000-C",
      "index_price": 56899.07,
      "direction": "buy",
      "amount": 0.1
    },
    {
      "trade_seq": 2148,
      "trade_id": "183572649",
      "timestamp": 1633773305532,
      "tick_direction": 2,
      "price": 0.33,
      "mark_price": 0.33309263,
      "iv": 88.03,
      "instrument_name": "BTC-31DEC21-40000-C",
      "index_price": 54857.74,
      "direction": "buy",
      "amount": 0.1
    },
    {
      "trade_seq": 2147,
      "trade_id": "183192019",
      "timestamp": 1633550939700,
      "tick_direction": 0,
      "price": 0.335,
      "mark_price": 0.33552265,
      "iv": 90.76,
      "instrument_name": "BTC-31DEC21-40000-C",
      "index_price": 54967.77,
      "direction": "buy",
      "amount": 0.4
    },
    {
      "trade_seq": 2146,
      "trade_id": "183136781",
      "timestamp": 1633529757051,
      "tick_direction": 2,
      "price": 0.321,
      "mark_price": 0.32747424,
      "iv": 85.78,
      "instrument_name": "BTC-31DEC21-40000-C",
      "index_price": 54061.53,
      "direction": "sell",
      "amount": 0.2
    },
    {
      "trade_seq": 2145,
      "trade_id": "183129806",
      "timestamp": 1633528533135,
      "tick_direction": 2,
      "price": 0.323,
      "mark_price": 0.32507389,
      "iv": 89.55,
      "instrument_name": "BTC-31DEC21-40000-C",
      "index_price": 53814.96,
      "direction": "buy",
      "amount": 0.5
    },
    {
      "trade_seq": 2144,
      "trade_id": "183081891",
      "timestamp": 1633525921990,
      "tick_direction": 0,
      "price": 0.33,
      "mark_price": 0.33229437,
      "iv": 89.98,
      "instrument_name": "BTC-31DEC21-40000-C",
      "index_price": 54318.45,
      "direction": "buy",
      "amount": 0.1
    },
    {
      "trade_seq": 2143,
      "trade_id": "183078699",
      "timestamp": 1633525905527,
      "tick_direction": 1,
      "price": 0.325,
      "mark_price": 0.32469431,
      "iv": 93.17,
      "instrument_name": "BTC-31DEC21-40000-C",
      "index_price": 53454.29,
      "direction": "buy",
      "amount": 0.6
    },
    {
      "trade_seq": 2142,
      "trade_id": "183078683",
      "timestamp": 1633525905402,
      "tick_direction": 0,
      "price": 0.325,
      "mark_price": 0.32469431,
      "iv": 93.12,
      "instrument_name": "BTC-31DEC21-40000-C",
      "index_price": 53496.88,
      "direction": "buy",
      "amount": 1.4
    },
    {
      "trade_seq": 2141,
      "trade_id": "183071293",
      "timestamp": 1633524881578,
      "tick_direction": 0,
      "price": 0.316,
      "mark_price": 0.31545939,
      "iv": 92.69,
      "instrument_name": "BTC-31DEC21-40000-C",
      "index_price": 52702.3,
      "direction": "buy",
      "amount": 0.5
    },
    {
      "trade_seq": 2140,
      "trade_id": "183022569",
      "timestamp": 1633507724732,
      "tick_direction": 0,
      "price": 0.299,
      "mark_price": 0.29840112,
      "iv": 91.61,
      "instrument_name": "BTC-31DEC21-40000-C",
      "index_price": 51072.98,
      "direction": "sell",
      "amount": 0.7
    },
    {
      "trade_seq": 2139,
      "trade_id": "182899704",
      "timestamp": 1633433851135,
      "tick_direction": 1,
      "price": 0.2905,
      "mark_price": 0.28983431,
      "iv": 92.18,
      "instrument_name": "BTC-31DEC21-40000-C",
      "index_price": 50017.3,
      "direction": "sell",
      "amount": 0.2
    },
    {
      "trade_seq": 2138,
      "trade_id": "182899703",
      "timestamp": 1633433851089,
      "tick_direction": 1,
      "price": 0.2905,
      "mark_price": 0.28983431,
      "iv": 92.18,
      "instrument_name": "BTC-31DEC21-40000-C",
      "index_price": 50017.3,
      "direction": "sell",
      "amount": 0.5
    },
    {
      "trade_seq": 2137,
      "trade_id": "182899702",
      "timestamp": 1633433850966,
      "tick_direction": 1,
      "price": 0.2905,
      "mark_price": 0.28983515,
      "iv": 92.18,
      "instrument_name": "BTC-31DEC21-40000-C",
      "index_price": 50017.3,
      "direction": "sell",
      "amount": 0.5
    },
    {
      "trade_seq": 2136,
      "trade_id": "182899692",
      "timestamp": 1633433850774,
      "tick_direction": 1,
      "price": 0.2905,
      "mark_price": 0.28983515,
      "iv": 92.18,
      "instrument_name": "BTC-31DEC21-40000-C",
      "index_price": 50017.3,
      "direction": "sell",
      "amount": 0.5
    },
    {
      "trade_seq": 2135,
      "trade_id": "182899687",
      "timestamp": 1633433846286,
      "tick_direction": 1,
      "price": 0.2905,
      "mark_price": 0.2898815,
      "iv": 92.15,
      "instrument_name": "BTC-31DEC21-40000-C",
      "index_price": 50022.56,
      "direction": "sell",
      "amount": 0.4
    },
    {
      "trade_seq": 2134,
      "trade_id": "182899686",
      "timestamp": 1633433845896,
      "tick_direction": 1,
      "price": 0.2905,
      "mark_price": 0.28990941,
      "iv": 92.15,
      "instrument_name": "BTC-31DEC21-40000-C",
      "index_price": 50022.56,
      "direction": "sell",
      "amount": 0.5
    },
    {
      "trade_seq": 2133,
      "trade_id": "182899685",
      "timestamp": 1633433845139,
      "tick_direction": 1,
      "price": 0.2905,
      "mark_price": 0.28990941,
      "iv": 92.13,
      "instrument_name": "BTC-31DEC21-40000-C",
      "index_price": 50025.55,
      "direction": "sell",
      "amount": 0.4
    },
    {
      "trade_seq": 2132,
      "trade_id": "182899682",
      "timestamp": 1633433841751,
      "tick_direction": 1,
      "price": 0.2905,
      "mark_price": 0.28993662,
      "iv": 92.11,
      "instrument_name": "BTC-31DEC21-40000-C",
      "index_price": 50027.54,
      "direction": "sell",
      "amount": 0.5
    },
    {
      "trade_seq": 2131,
      "trade_id": "182899572",
      "timestamp": 1633433755800,
      "tick_direction": 1,
      "price": 0.2905,
      "mark_price": 0.28980306,
      "iv": 92.18,
      "instrument_name": "BTC-31DEC21-40000-C",
      "index_price": 50030.55,
      "direction": "sell",
      "amount": 0.4
    },
    {
      "trade_seq": 2130,
      "trade_id": "182899539",
      "timestamp": 1633433745302,
      "tick_direction": 1,
      "price": 0.2905,
      "mark_price": 0.2899779,
      "iv": 92.09,
      "instrument_name": "BTC-31DEC21-40000-C",
      "index_price": 50044.55,
      "direction": "sell",
      "amount": 0.4
    },
    {
      "trade_seq": 2129,
      "trade_id": "182899535",
      "timestamp": 1633433744099,
      "tick_direction": 1,
      "price": 0.2905,
      "mark_price": 0.29017192,
      "iv": 91.93,
      "instrument_name": "BTC-31DEC21-40000-C",
      "index_price": 50047.98,
      "direction": "sell",
      "amount": 0.4
    },
    {
      "trade_seq": 2128,
      "trade_id": "182899365",
      "timestamp": 1633433705772,
      "tick_direction": 0,
      "price": 0.2905,
      "mark_price": 0.29047192,
      "iv": 91.74,
      "instrument_name": "BTC-31DEC21-40000-C",
      "index_price": 50088.84,
      "direction": "sell",
      "amount": 0.3
    },
    {
      "trade_seq": 2127,
      "trade_id": "182892612",
      "timestamp": 1633428258149,
      "tick_direction": 0,
      "price": 0.2875,
      "mark_price": 0.29223768,
      "iv": 88.93,
      "instrument_name": "BTC-31DEC21-40000-C",
      "index_price": 50196.85,
      "direction": "sell",
      "amount": 0.1
    },
    {
      "trade_seq": 2126,
      "trade_id": "182691444",
      "timestamp": 1633314093830,
      "tick_direction": 2,
      "price": 0.261,
      "mark_price": 0.26181934,
      "iv": 87.77,
      "instrument_name": "BTC-31DEC21-40000-C",
      "index_price": 47790.05,
      "direction": "buy",
      "amount": 0.4
    },
    {
      "trade_seq": 2125,
      "trade_id": "182689769",
      "timestamp": 1633312966179,
      "tick_direction": 2,
      "price": 0.2615,
      "mark_price": 0.261464,
      "iv": 88.3,
      "instrument_name": "BTC-31DEC21-40000-C",
      "index_price": 47772.89,
      "direction": "buy",
      "amount": 0.1
    },
    {
      "trade_seq": 2124,
      "trade_id": "182630306",
      "timestamp": 1633283529032,
      "tick_direction": 0,
      "price": 0.275,
      "mark_price": 0.27438795,
      "iv": 88.58,
      "instrument_name": "BTC-31DEC21-40000-C",
      "index_price": 48970.09,
      "direction": "buy",
      "amount": 0.1
    },
    {
      "trade_seq": 2123,
      "trade_id": "182523243",
      "timestamp": 1633174055716,
      "tick_direction": 0,
      "price": 0.26,
      "mark_price": 0.26048394,
      "iv": 88.11,
      "instrument_name": "BTC-31DEC21-40000-C",
      "index_price": 47593.17,
      "direction": "sell",
      "amount": 0.5
    },
    {
      "trade_seq": 2122,
      "trade_id": "182320091",
      "timestamp": 1633083131137,
      "tick_direction": 2,
      "price": 0.2324,
      "mark_price": 0.23241959,
      "iv": 87.93,
      "instrument_name": "BTC-31DEC21-40000-C",
      "index_price": 44890.36,
      "direction": "buy",
      "block_trade_id": "21709",
      "amount": 25.0
    },
    {
      "trade_seq": 2121,
      "trade_id": "182320055",
      "timestamp": 1633083094550,
      "tick_direction": 2,
      "price": 0.2327,
      "mark_price": 0.23257251,
      "iv": 88.03,
      "instrument_name": "BTC-31DEC21-40000-C",
      "index_price": 44891.83,
      "direction": "buy",
      "block_trade_id": "21708",
      "amount": 25.0
    },
    {
      "trade_seq": 2120,
      "trade_id": "182319889",
      "timestamp": 1633082752725,
      "tick_direction": 1,
      "price": 0.233,
      "mark_price": 0.23273846,
      "iv": 88.23,
      "instrument_name": "BTC-31DEC21-40000-C",
      "index_price": 44883.85,
      "direction": "sell",
      "amount": 0.1
    },
    {
      "trade_seq": 2119,
      "trade_id": "182319888",
      "timestamp": 1633082751254,
      "tick_direction": 1,
      "price": 0.233,
      "mark_price": 0.23281988,
      "iv": 88.19,
      "instrument_name": "BTC-31DEC21-40000-C",
      "index_price": 44891.06,
      "direction": "sell",
      "amount": 1.1
    },
    {
      "trade_seq": 2118,
      "trade_id": "182319887",
      "timestamp": 1633082751244,
      "tick_direction": 1,
      "price": 0.233,
      "mark_price": 0.23281988,
      "iv": 88.19,
      "instrument_name": "BTC-31DEC21-40000-C",
      "index_price": 44891.06,
      "direction": "sell",
      "amount": 0.4
    },
    {
      "trade_seq": 2117,
      "trade_id": "182319865",
      "timestamp": 1633082698941,
      "tick_direction": 1,
      "price": 0.233,
      "mark_price": 0.2325039,
      "iv": 88.28,
      "instrument_name": "BTC-31DEC21-40000-C",
      "index_price": 44884.98,
      "direction": "sell",
      "amount": 0.4
    },
    {
      "trade_seq": 2116,
      "trade_id": "182319864",
      "timestamp": 1633082690192,
      "tick_direction": 1,
      "price": 0.233,
      "mark_price": 0.23246226,
      "iv": 88.29,
      "instrument_name": "BTC-31DEC21-40000-C",
      "index_price": 44882.25,
      "direction": "sell",
      "amount": 0.4
    },
    {
      "trade_seq": 2115,
      "trade_id": "182319863",
      "timestamp": 1633082684933,
      "tick_direction": 1,
      "price": 0.233,
      "mark_price": 0.23245385,
      "iv": 88.29,
      "instrument_name": "BTC-31DEC21-40000-C",
      "index_price": 44885.36,
      "direction": "sell",
      "amount": 0.5
    },
    {
      "trade_seq": 2114,
      "trade_id": "182319862",
      "timestamp": 1633082676054,
      "tick_direction": 1,
      "price": 0.233,
      "mark_price": 0.23243301,
      "iv": 88.28,
      "instrument_name": "BTC-31DEC21-40000-C",
      "index_price": 44884.02,
      "direction": "sell",
      "amount": 0.4
    },
    {
      "trade_seq": 2113,
      "trade_id": "182319860",
      "timestamp": 1633082658034,
      "tick_direction": 1,
      "price": 0.233,
      "mark_price": 0.23236497,
      "iv": 88.29,
      "instrument_name": "BTC-31DEC21-40000-C",
      "index_price": 44881.97,
      "direction": "sell",
      "amount": 0.4
    },
    {
      "trade_seq": 2112,
      "trade_id": "182319859",
      "timestamp": 1633082652353,
      "tick_direction": 1,
      "price": 0.233,
      "mark_price": 0.23234755,
      "iv": 88.29,
      "instrument_name": "BTC-31DEC21-40000-C",
      "index_price": 44882.12,
      "direction": "sell",
      "amount": 0.5
    },
    {
      "trade_seq": 2111,
      "trade_id": "182319856",
      "timestamp": 1633082652295,
      "tick_direction": 1,
      "price": 0.233,
      "mark_price": 0.23234755,
      "iv": 88.29,
      "instrument_name": "BTC-31DEC21-40000-C",
      "index_price": 44882.12,
      "direction": "sell",
      "amount": 0.4
    },
    {
      "trade_seq": 2110,
      "trade_id": "182319779",
      "timestamp": 1633082577136,
      "tick_direction": 0,
      "price": 0.233,
      "mark_price": 0.23247557,
      "iv": 88.09,
      "instrument_name": "BTC-31DEC21-40000-C",
      "index_price": 44910.33,
      "direction": "sell",
      "amount": 0.4
    },
    {
      "trade_seq": 2109,
      "trade_id": "182310824",
      "timestamp": 1633077295194,
      "tick_direction": 0,
      "price": 0.2327,
      "mark_price": 0.23180782,
      "iv": 88.34,
      "instrument_name": "BTC-31DEC21-40000-C",
      "index_price": 44859.64,
      "direction": "buy",
      "block_trade_id": "21702",
      "amount": 25.0
    },
    {
      "trade_seq": 2108,
      "trade_id": "182310557",
      "timestamp": 1633077162308,
      "tick_direction": 0,
      "price": 0.2325,
      "mark_price": 0.23184107,
      "iv": 88.26,
      "instrument_name": "BTC-31DEC21-40000-C",
      "index_price": 44860.75,
      "direction": "buy",
      "block_trade_id": "21701",
      "amount": 25.0
    },
    {
      "trade_seq": 2107,
      "trade_id": "182246118",
      "timestamp": 1633038851608,
      "tick_direction": 0,
      "price": 0.2225,
      "mark_price": 0.22220906,
      "iv": 89.34,
      "instrument_name": "BTC-31DEC21-40000-C",
      "index_price": 43740.86,
      "direction": "sell",
      "amount": 0.1
    },
    {
      "trade_seq": 2106,
      "trade_id": "182245287",
      "timestamp": 1633038138399,
      "tick_direction": 3,
      "price": 0.2185,
      "mark_price": 0.21930655,
      "iv": 88.19,
      "instrument_name": "BTC-31DEC21-40000-C",
      "index_price": 43561.67,
      "direction": "buy",
      "amount": 0.1
    },
    {
      "trade_seq": 2105,
      "trade_id": "182245286",
      "timestamp": 1633038138291,
      "tick_direction": 2,
      "price": 0.2185,
      "mark_price": 0.21930655,
      "iv": 88.19,
      "instrument_name": "BTC-31DEC21-40000-C",
      "index_price": 43561.67,
      "direction": "buy",
      "amount": 0.1
    },
    {
      "trade_seq": 2104,
      "trade_id": "182244951",
      "timestamp": 1633037892686,
      "tick_direction": 1,
      "price": 0.2205,
      "mark_price": 0.21949748,
      "iv": 89.2,
      "instrument_name": "BTC-31DEC21-40000-C",
      "index_price": 43566.76,
      "direction": "sell",
      "amount": 0.1
    },
    {
      "trade_seq": 2103,
      "trade_id": "182244897",
      "timestamp": 1633037867976,
      "tick_direction": 0,
      "price": 0.2205,
      "mark_price": 0.21943618,
      "iv": 89.22,
      "instrument_name": "BTC-31DEC21-40000-C",
      "index_price": 43566.18,
      "direction": "sell",
      "amount": 0.1
    },
    {
      "trade_seq": 2102,
      "trade_id": "182244455",
      "timestamp": 1633037203671,
      "tick_direction": 3,
      "price": 0.218,
      "mark_price": 0.21838348,
      "iv": 88.39,
      "instrument_name": "BTC-31DEC21-40000-C",
      "index_price": 43460.51,
      "direction": "buy",
      "amount": 0.1
    },
    {
      "trade_seq": 2101,
      "trade_id": "182244450",
      "timestamp": 1633037203476,
      "tick_direction": 2,
      "price": 0.218,
      "mark_price": 0.2183847,
      "iv": 88.39,
      "instrument_name": "BTC-31DEC21-40000-C",
      "index_price": 43460.51,
      "direction": "buy",
      "amount": 0.1
    },
    {
      "trade_seq": 2100,
      "trade_id": "182244359",
      "timestamp": 1633036942462,
      "tick_direction": 2,
      "price": 0.219,
      "mark_price": 0.21825652,
      "iv": 89.05,
      "instrument_name": "BTC-31DEC21-40000-C",
      "index_price": 43443.12,
      "direction": "sell",
      "amount": 0.1
    },
    {
      "trade_seq": 2099,
      "trade_id": "182244288",
      "timestamp": 1633036778841,
      "tick_direction": 0,
      "price": 0.2195,
      "mark_price": 0.2180885,
      "iv": 89.26,
      "instrument_name": "BTC-31DEC21-40000-C",
      "index_price": 43466.81,
      "direction": "sell",
      "amount": 0.1
    },
    {
      "trade_seq": 2098,
      "trade_id": "182244120",
      "timestamp": 1633036550082,
      "tick_direction": 3,
      "price": 0.2175,
      "mark_price": 0.21799298,
      "iv": 88.19,
      "instrument_name": "BTC-31DEC21-40000-C",
      "index_price": 43451.74,
      "direction": "buy",
      "amount": 0.1
    },
    {
      "trade_seq": 2097,
      "trade_id": "182244008",
      "timestamp": 1633036358016,
      "tick_direction": 2,
      "price": 0.2175,
      "mark_price": 0.21845696,
      "iv": 88.12,
      "instrument_name": "BTC-31DEC21-40000-C",
      "index_price": 43465.51,
      "direction": "buy",
      "amount": 0.1
    },
    {
      "trade_seq": 2096,
      "trade_id": "182243918",
      "timestamp": 1633036196655,
      "tick_direction": 0,
      "price": 0.219,
      "mark_price": 0.21886506,
      "iv": 88.8,
      "instrument_name": "BTC-31DEC21-40000-C",
      "index_price": 43498.15,
      "direction": "sell",
      "amount": 0.1
    },
    {
      "trade_seq": 2095,
      "trade_id": "182243304",
      "timestamp": 1633035539380,
      "tick_direction": 0,
      "price": 0.2185,
      "mark_price": 0.21812391,
      "iv": 88.78,
      "instrument_name": "BTC-31DEC21-40000-C",
      "index_price": 43427.51,
      "direction": "sell",
      "amount": 0.1
    },
    {
      "trade_seq": 2094,
      "trade_id": "182241745",
      "timestamp": 1633034718632,
      "tick_direction": 3,
      "price": 0.216,
      "mark_price": 0.21577983,
      "iv": 88.6,
      "instrument_name": "BTC-31DEC21-40000-C",
      "index_price": 43246.8,
      "direction": "buy",
      "amount": 0.1
    },
    {
      "trade_seq": 2093,
      "trade_id": "182241744",
      "timestamp": 1633034718581,
      "tick_direction": 2,
      "price": 0.216,
      "mark_price": 0.21577983,
      "iv": 88.6,
      "instrument_name": "BTC-31DEC21-40000-C",
      "index_price": 43246.8,
      "direction": "buy",
      "amount": 0.1
    },
    {
      "trade_seq": 2092,
      "trade_id": "182240773",
      "timestamp": 1633034491097,
      "tick_direction": 3,
      "price": 0.217,
      "mark_price": 0.21694758,
      "iv": 88.64,
      "instrument_name": "BTC-31DEC21-40000-C",
      "index_price": 43333.33,
      "direction": "sell",
      "amount": 0.1
    },
    {
      "trade_seq": 2091,
      "trade_id": "182240770",
      "timestamp": 1633034490858,
      "tick_direction": 2,
      "price": 0.217,
      "mark_price": 0.21694834,
      "iv": 88.64,
      "instrument_name": "BTC-31DEC21-40000-C",
      "index_price": 43333.33,
      "direction": "sell",
      "amount": 0.1
    },
    {
      "trade_seq": 2090,
      "trade_id": "182239167",
      "timestamp": 1633033720956,
      "tick_direction": 0,
      "price": 0.22,
      "mark_price": 0.22044212,
      "iv": 88.44,
      "instrument_name": "BTC-31DEC21-40000-C",
      "index_price": 43625.33,
      "direction": "buy",
      "amount": 0.1
    },
    {
      "trade_seq": 2089,
      "trade_id": "182209905",
      "timestamp": 1633017549041,
      "tick_direction": 0,
      "price": 0.2164,
      "mark_price": 0.21499179,
      "iv": 89.11,
      "instrument_name": "BTC-31DEC21-40000-C",
      "index_price": 43141.59,
      "direction": "buy",
      "block_trade_id": "21661",
      "amount": 25.0
    },
    {
      "trade_seq": 2088,
      "trade_id": "182209801",
      "timestamp": 1633017506243,
      "tick_direction": 2,
      "price": 0.2151,
      "mark_price": 0.21446614,
      "iv": 88.65,
      "instrument_name": "BTC-31DEC21-40000-C",
      "index_price": 43107.04,
      "direction": "buy",
      "block_trade_id": "21660",
      "amount": 25.0
    },
    {
      "trade_seq": 2087,
      "trade_id": "182207925",
      "timestamp": 1633016471901,
      "tick_direction": 2,
      "price": 0.2154,
      "mark_price": 0.21501901,
      "iv": 88.61,
      "instrument_name": "BTC-31DEC21-40000-C",
      "index_price": 43134.05,
      "direction": "buy",
      "block_trade_id": "21658",
      "amount": 25.0
    },
    {
      "trade_seq": 2086,
      "trade_id": "182207243",
      "timestamp": 1633016150504,
      "tick_direction": 1,
      "price": 0.217,
      "mark_price": 0.21647918,
      "iv": 88.7,
      "instrument_name": "BTC-31DEC21-40000-C",
      "index_price": 43267.2,
      "direction": "buy",
      "block_trade_id": "21657",
      "amount": 25.0
    },
    {
      "trade_seq": 2085,
      "trade_id": "182185341",
      "timestamp": 1633003315761,
      "tick_direction": 0,
      "price": 0.217,
      "mark_price": 0.21548432,
      "iv": 89.46,
      "instrument_name": "BTC-31DEC21-40000-C",
      "index_price": 43106.27,
      "direction": "sell",
      "amount": 0.1
    },
    {
      "trade_seq": 2084,
      "trade_id": "182184830",
      "timestamp": 1633002710474,
      "tick_direction": 0,
      "price": 0.2145,
      "mark_price": 0.21352015,
      "iv": 88.73,
      "instrument_name": "BTC-31DEC21-40000-C",
      "index_price": 43012.39,
      "direction": "buy",
      "amount": 0.1
    },
    {
      "trade_seq": 2083,
      "trade_id": "182184785",
      "timestamp": 1633002652134,
      "tick_direction": 0,
      "price": 0.214,
      "mark_price": 0.21317625,
      "iv": 88.62,
      "instrument_name": "BTC-31DEC21-40000-C",
      "index_price": 42985.89,
      "direction": "buy",
      "amount": 0.1
    },
    {
      "trade_seq": 2082,
      "trade_id": "182184563",
      "timestamp": 1633002352794,
      "tick_direction": 2,
      "price": 0.213,
      "mark_price": 0.2124224,
      "iv": 88.42,
      "instrument_name": "BTC-31DEC21-40000-C",
      "index_price": 42921.19,
      "direction": "sell",
      "amount": 0.1
    },
    {
      "trade_seq": 2081,
      "trade_id": "182184562",
      "timestamp": 1633002352664,
      "tick_direction": 0,
      "price": 0.2135,
      "mark_price": 0.2124224,
      "iv": 88.69,
      "instrument_name": "BTC-31DEC21-40000-C",
      "index_price": 42920.97,
      "direction": "sell",
      "amount": 0.1
    },
    {
      "trade_seq": 2080,
      "trade_id": "182184164",
      "timestamp": 1633002067754,
      "tick_direction": 2,
      "price": 0.2115,
      "mark_price": 0.21236894,
      "iv": 87.65,
      "instrument_name": "BTC-31DEC21-40000-C",
      "index_price": 42919.75,
      "direction": "buy",
      "amount": 0.1
    },
    {
      "trade_seq": 2079,
      "trade_id": "182151937",
      "timestamp": 1632983466127,
      "tick_direction": 2,
      "price": 0.2201,
      "mark_price": 0.21928493,
      "iv": 88.39,
      "instrument_name": "BTC-31DEC21-40000-C",
      "index_price": 43564.02,
      "direction": "buy",
      "block_trade_id": "21619",
      "amount": 25.0
    },
    {
      "trade_seq": 2078,
      "trade_id": "182151160",
      "timestamp": 1632982762441,
      "tick_direction": 0,
      "price": 0.2207,
      "mark_price": 0.22008677,
      "iv": 88.43,
      "instrument_name": "BTC-31DEC21-40000-C",
      "index_price": 43613.56,
      "direction": "buy",
      "block_trade_id": "21618",
      "amount": 25.0
    },
    {
      "trade_seq": 2077,
      "trade_id": "182150578",
      "timestamp": 1632982166821,
      "tick_direction": 0,
      "price": 0.2196,
      "mark_price": 0.21971692,
      "iv": 88.02,
      "instrument_name": "BTC-31DEC21-40000-C",
      "index_price": 43586.73,
      "direction": "buy",
      "block_trade_id": "21617",
      "amount": 25.0
    },
    {
      "trade_seq": 2076,
      "trade_id": "182150575",
      "timestamp": 1632982135847,
      "tick_direction": 2,
      "price": 0.2195,
      "mark_price": 0.21969985,
      "iv": 87.97,
      "instrument_name": "BTC-31DEC21-40000-C",
      "index_price": 43587.01,
      "direction": "buy",
      "block_trade_id": "21616",
      "amount": 25.0
    },
    {
      "trade_seq": 2075,
      "trade_id": "182147742",
      "timestamp": 1632979199744,
      "tick_direction": 2,
      "price": 0.2201,
      "mark_price": 0.21991767,
      "iv": 88.14,
      "instrument_name": "BTC-31DEC21-40000-C",
      "index_price": 43629.15,
      "direction": "buy",
      "block_trade_id": "21615",
      "amount": 25.0
    },
    {
      "trade_seq": 2074,
      "trade_id": "182147630",
      "timestamp": 1632979122789,
      "tick_direction": 0,
      "price": 0.2208,
      "mark_price": 0.22010627,
      "iv": 88.43,
      "instrument_name": "BTC-31DEC21-40000-C",
      "index_price": 43637.88,
      "direction": "buy",
      "block_trade_id": "21614",
      "amount": 25.0
    },
    {
      "trade_seq": 2073,
      "trade_id": "182147622",
      "timestamp": 1632979067244,
      "tick_direction": 2,
      "price": 0.2203,
      "mark_price": 0.22021688,
      "iv": 88.1,
      "instrument_name": "BTC-31DEC21-40000-C",
      "index_price": 43644.16,
      "direction": "buy",
      "block_trade_id": "21613",
      "amount": 25.0
    },
    {
      "trade_seq": 2072,
      "trade_id": "182147462",
      "timestamp": 1632978930070,
      "tick_direction": 0,
      "price": 0.2216,
      "mark_price": 0.22049418,
      "iv": 88.66,
      "instrument_name": "BTC-31DEC21-40000-C",
      "index_price": 43663.6,
      "direction": "buy",
      "block_trade_id": "21612",
      "amount": 25.0
    },
    {
      "trade_seq": 2071,
      "trade_id": "182147422",
      "timestamp": 1632978894846,
      "tick_direction": 3,
      "price": 0.22,
      "mark_price": 0.22031027,
      "iv": 87.86,
      "instrument_name": "BTC-31DEC21-40000-C",
      "index_price": 43649.71,
      "direction": "buy",
      "block_trade_id": "21611",
      "amount": 25.0
    },
    {
      "trade_seq": 2070,
      "trade_id": "182147418",
      "timestamp": 1632978881387,
      "tick_direction": 2,
      "price": 0.22,
      "mark_price": 0.22028766,
      "iv": 87.87,
      "instrument_name": "BTC-31DEC21-40000-C",
      "index_price": 43649.06,
      "direction": "buy",
      "block_trade_id": "21610",
      "amount": 25.0
    },
    {
      "trade_seq": 2069,
      "trade_id": "182147402",
      "timestamp": 1632978848042,
      "tick_direction": 0,
      "price": 0.2201,
      "mark_price": 0.22021785,
      "iv": 87.97,
      "instrument_name": "BTC-31DEC21-40000-C",
      "index_price": 43648.7,
      "direction": "buy",
      "block_trade_id": "21609",
      "amount": 25.0
    },
    {
      "trade_seq": 2068,
      "trade_id": "182127656",
      "timestamp": 1632970202801,
      "tick_direction": 2,
      "price": 0.213,
      "mark_price": 0.21302754,
      "iv": 88.0,
      "instrument_name": "BTC-31DEC21-40000-C",
      "index_price": 42984.84,
      "direction": "sell",
      "amount": 0.4
    },
    {
      "trade_seq": 2067,
      "trade_id": "182124970",
      "timestamp": 1632968308378,
      "tick_direction": 0,
      "price": 0.214,
      "mark_price": 0.21264258,
      "iv": 88.38,
      "instrument_name": "BTC-31DEC21-40000-C",
      "index_price": 42995.55,
      "direction": "sell",
      "amount": 0.5
    },
    {
      "trade_seq": 2066,
      "trade_id": "182115469",
      "timestamp": 1632964419177,
      "tick_direction": 0,
      "price": 0.211,
      "mark_price": 0.20897202,
      "iv": 87.84,
      "instrument_name": "BTC-31DEC21-40000-C",
      "index_price": 42829.32,
      "direction": "sell",
      "amount": 0.1
    },
    {
      "trade_seq": 2065,
      "trade_id": "182114224",
      "timestamp": 1632964276696,
      "tick_direction": 0,
      "price": 0.2095,
      "mark_price": 0.20880052,
      "iv": 86.98,
      "instrument_name": "BTC-31DEC21-40000-C",
      "index_price": 42827.74,
      "direction": "buy",
      "amount": 0.1
    },
    {
      "trade_seq": 2064,
      "trade_id": "182103645",
      "timestamp": 1632960946280,
      "tick_direction": 0,
      "price": 0.1945,
      "mark_price": 0.19430487,
      "iv": 86.07,
      "instrument_name": "BTC-31DEC21-40000-C",
      "index_price": 41654.31,
      "direction": "buy",
      "amount": 0.1
    },
    {
      "trade_seq": 2063,
      "trade_id": "182091676",
      "timestamp": 1632947647579,
      "tick_direction": 2,
      "price": 0.188,
      "mark_price": 0.18846555,
      "iv": 86.41,
      "instrument_name": "BTC-31DEC21-40000-C",
      "index_price": 40979.34,
      "direction": "sell",
      "amount": 0.1
    },
    {
      "trade_seq": 2062,
      "trade_id": "182054939",
      "timestamp": 1632921315963,
      "tick_direction": 3,
      "price": 0.199,
      "mark_price": 0.19945053,
      "iv": 85.8,
      "instrument_name": "BTC-31DEC21-40000-C",
      "index_price": 42077.11,
      "direction": "sell",
      "amount": 0.1
    },
    {
      "trade_seq": 2061,
      "trade_id": "182054938",
      "timestamp": 1632921315946,
      "tick_direction": 2,
      "price": 0.199,
      "mark_price": 0.19945053,
      "iv": 85.8,
      "instrument_name": "BTC-31DEC21-40000-C",
      "index_price": 42077.11,
      "direction": "sell",
      "amount": 0.1
    },
    {
      "trade_seq": 2060,
      "trade_id": "182036979",
      "timestamp": 1632906012590,
      "tick_direction": 2,
      "price": 0.202,
      "mark_price": 0.20272228,
      "iv": 86.29,
      "instrument_name": "BTC-31DEC21-40000-C",
      "index_price": 42258.09,
      "direction": "sell",
      "amount": 0.1
    },
    {
      "trade_seq": 2059,
      "trade_id": "182032645",
      "timestamp": 1632900894730,
      "tick_direction": 3,
      "price": 0.2035,
      "mark_price": 0.20392394,
      "iv": 86.44,
      "instrument_name": "BTC-31DEC21-40000-C",
      "index_price": 42399.56,
      "direction": "sell",
      "amount": 0.1
    },
    {
      "trade_seq": 2058,
      "trade_id": "182032627",
      "timestamp": 1632900865376,
      "tick_direction": 3,
      "price": 0.2035,
      "mark_price": 0.20403545,
      "iv": 86.39,
      "instrument_name": "BTC-31DEC21-40000-C",
      "index_price": 42406.22,
      "direction": "sell",
      "amount": 0.3
    },
    {
      "trade_seq": 2057,
      "trade_id": "182032624",
      "timestamp": 1632900865246,
      "tick_direction": 3,
      "price": 0.2035,
      "mark_price": 0.20403545,
      "iv": 86.39,
      "instrument_name": "BTC-31DEC21-40000-C",
      "index_price": 42406.22,
      "direction": "sell",
      "amount": 0.3
    },
    {
      "trade_seq": 2056,
      "trade_id": "182032620",
      "timestamp": 1632900860208,
      "tick_direction": 3,
      "price": 0.2035,
      "mark_price": 0.20408371,
      "iv": 86.37,
      "instrument_name": "BTC-31DEC21-40000-C",
      "index_price": 42409.76,
      "direction": "sell",
      "amount": 0.3
    },
    {
      "trade_seq": 2055,
      "trade_id": "182028429",
      "timestamp": 1632897925521,
      "tick_direction": 3,
      "price": 0.2035,
      "mark_price": 0.20386169,
      "iv": 87.34,
      "instrument_name": "BTC-31DEC21-40000-C",
      "index_price": 42217.0,
      "direction": "buy",
      "amount": 0.3
    },
    {
      "trade_seq": 2054,
      "trade_id": "182028428",
      "timestamp": 1632897925518,
      "tick_direction": 2,
      "price": 0.2035,
      "mark_price": 0.20386169,
      "iv": 87.34,
      "instrument_name": "BTC-31DEC21-40000-C",
      "index_price": 42217.0,
      "direction": "sell",
      "amount": 7.1
    },
    {
      "trade_seq": 2053,
      "trade_id": "182028427",
      "timestamp": 1632897925518,
      "tick_direction": 1,
      "price": 0.204,
      "mark_price": 0.20386169,
      "iv": 87.6,
      "instrument_name": "BTC-31DEC21-40000-C",
      "index_price": 42217.0,
      "direction": "sell",
      "amount": 12.6
    },
    {
      "trade_seq": 2052,
      "trade_id": "182028414",
      "timestamp": 1632897922406,
      "tick_direction": 1,
      "price": 0.204,
      "mark_price": 0.20387104,
      "iv": 87.6,
      "instrument_name": "BTC-31DEC21-40000-C",
      "index_price": 42215.7,
      "direction": "sell",
      "amount": 0.4
    },
    {
      "trade_seq": 2051,
      "trade_id": "182027874",
      "timestamp": 1632896948188,
      "tick_direction": 0,
      "price": 0.204,
      "mark_price": 0.2038493,
      "iv": 87.71,
      "instrument_name": "BTC-31DEC21-40000-C",
      "index_price": 42196.32,
      "direction": "sell",
      "amount": 0.6
    },
    {
      "trade_seq": 2050,
      "trade_id": "181972539",
      "timestamp": 1632867856162,
      "tick_direction": 1,
      "price": 0.2,
      "mark_price": 0.20045416,
      "iv": 88.05,
      "instrument_name": "BTC-31DEC21-40000-C",
      "index_price": 41717.55,
      "direction": "sell",
      "amount": 1.1
    },
    {
      "trade_seq": 2049,
      "trade_id": "181972532",
      "timestamp": 1632867855477,
      "tick_direction": 1,
      "price": 0.2,
      "mark_price": 0.20045416,
      "iv": 88.05,
      "instrument_name": "BTC-31DEC21-40000-C",
      "index_price": 41717.55,
      "direction": "sell",
      "amount": 0.1
    },
    {
      "trade_seq": 2048,
      "trade_id": "181972531",
      "timestamp": 1632867855470,
      "tick_direction": 1,
      "price": 0.2,
      "mark_price": 0.20045416,
      "iv": 88.05,
      "instrument_name": "BTC-31DEC21-40000-C",
      "index_price": 41717.55,
      "direction": "sell",
      "amount": 2.0
    },
    {
      "trade_seq": 2047,
      "trade_id": "181972437",
      "timestamp": 1632867779520,
      "tick_direction": 0,
      "price": 0.2,
      "mark_price": 0.20075298,
      "iv": 87.88,
      "instrument_name": "BTC-31DEC21-40000-C",
      "index_price": 41735.95,
      "direction": "sell",
      "amount": 1.8
    },
    {
      "trade_seq": 2046,
      "trade_id": "181950574",
      "timestamp": 1632853687738,
      "tick_direction": 2,
      "price": 0.1979,
      "mark_price": 0.19783844,
      "iv": 88.05,
      "instrument_name": "BTC-31DEC21-40000-C",
      "index_price": 41491.26,
      "direction": "buy",
      "block_trade_id": "21546",
      "amount": 25.0
    },
    {
      "trade_seq": 2045,
      "trade_id": "181950486",
      "timestamp": 1632853613994,
      "tick_direction": 0,
      "price": 0.1985,
      "mark_price": 0.19776782,
      "iv": 88.39,
      "instrument_name": "BTC-31DEC21-40000-C",
      "index_price": 41490.88,
      "direction": "buy",
      "block_trade_id": "21545",
      "amount": 25.0
    },
    {
      "trade_seq": 2044,
      "trade_id": "181941568",
      "timestamp": 1632847732352,
      "tick_direction": 2,
      "price": 0.194,
      "mark_price": 0.19470433,
      "iv": 87.56,
      "instrument_name": "BTC-31DEC21-40000-C",
      "index_price": 41231.51,
      "direction": "sell",
      "amount": 0.1
    },
    {
      "trade_seq": 2043,
      "trade_id": "181938215",
      "timestamp": 1632845521367,
      "tick_direction": 2,
      "price": 0.1985,
      "mark_price": 0.1978907,
      "iv": 88.05,
      "instrument_name": "BTC-31DEC21-40000-C",
      "index_price": 41530.26,
      "direction": "sell",
      "amount": 0.4
    },
    {
      "trade_seq": 2042,
      "trade_id": "181917028",
      "timestamp": 1632838256502,
      "tick_direction": 3,
      "price": 0.199,
      "mark_price": 0.19864168,
      "iv": 87.85,
      "instrument_name": "BTC-31DEC21-40000-C",
      "index_price": 41569.72,
      "direction": "sell",
      "amount": 0.5
    },
    {
      "trade_seq": 2041,
      "trade_id": "181917027",
      "timestamp": 1632838256213,
      "tick_direction": 2,
      "price": 0.199,
      "mark_price": 0.19864168,
      "iv": 87.74,
      "instrument_name": "BTC-31DEC21-40000-C",
      "index_price": 41571.34,
      "direction": "sell",
      "amount": 0.5
    },
    {
      "trade_seq": 2040,
      "trade_id": "181915635",
      "timestamp": 1632838115710,
      "tick_direction": 3,
      "price": 0.2005,
      "mark_price": 0.20103983,
      "iv": 87.24,
      "instrument_name": "BTC-31DEC21-40000-C",
      "index_price": 41821.8,
      "direction": "sell",
      "amount": 0.1
    },
    {
      "trade_seq": 2039,
      "trade_id": "181915633",
      "timestamp": 1632838115654,
      "tick_direction": 2,
      "price": 0.2005,
      "mark_price": 0.20104111,
      "iv": 87.24,
      "instrument_name": "BTC-31DEC21-40000-C",
      "index_price": 41821.8,
      "direction": "sell",
      "amount": 0.1
    },
    {
      "trade_seq": 2038,
      "trade_id": "181915178",
      "timestamp": 1632838049915,
      "tick_direction": 2,
      "price": 0.2015,
      "mark_price": 0.20200263,
      "iv": 87.26,
      "instrument_name": "BTC-31DEC21-40000-C",
      "index_price": 41920.48,
      "direction": "sell",
      "amount": 0.1
    },
    {
      "trade_seq": 2037,
      "trade_id": "181785215",
      "timestamp": 1632753177900,
      "tick_direction": 2,
      "price": 0.2225,
      "mark_price": 0.22327616,
      "iv": 87.02,
      "instrument_name": "BTC-31DEC21-40000-C",
      "index_price": 43749.92,
      "direction": "buy",
      "amount": 0.2
    },
    {
      "trade_seq": 2036,
      "trade_id": "181771687",
      "timestamp": 1632741921037,
      "tick_direction": 2,
      "price": 0.2232,
      "mark_price": 0.22328739,
      "iv": 87.62,
      "instrument_name": "BTC-31DEC21-40000-C",
      "index_price": 43719.54,
      "direction": "buy",
      "block_trade_id": "21507",
      "amount": 25.0
    },
    {
      "trade_seq": 2035,
      "trade_id": "181769179",
      "timestamp": 1632738502406,
      "tick_direction": 0,
      "price": 0.2257,
      "mark_price": 0.22482397,
      "iv": 88.12,
      "instrument_name": "BTC-31DEC21-40000-C",
      "index_price": 43845.98,
      "direction": "buy",
      "block_trade_id": "21506",
      "amount": 25.0
    },
    {
      "trade_seq": 2034,
      "trade_id": "181768862",
      "timestamp": 1632738240379,
      "tick_direction": 0,
      "price": 0.2256,
      "mark_price": 0.22496795,
      "iv": 87.97,
      "instrument_name": "BTC-31DEC21-40000-C",
      "index_price": 43870.32,
      "direction": "buy",
      "block_trade_id": "21505",
      "amount": 25.0
    },
    {
      "trade_seq": 2033,
      "trade_id": "181768817",
      "timestamp": 1632738204079,
      "tick_direction": 0,
      "price": 0.2249,
      "mark_price": 0.22489946,
      "iv": 87.62,
      "instrument_name": "BTC-31DEC21-40000-C",
      "index_price": 43856.95,
      "direction": "buy",
      "block_trade_id": "21504",
      "amount": 25.0
    },
    {
      "trade_seq": 2032,
      "trade_id": "181723274",
      "timestamp": 1632703572447,
      "tick_direction": 2,
      "price": 0.2205,
      "mark_price": 0.21953391,
      "iv": 87.44,
      "instrument_name": "BTC-31DEC21-40000-C",
      "index_price": 43449.65,
      "direction": "sell",
      "amount": 0.3
    },
    {
      "trade_seq": 2031,
      "trade_id": "181704067",
      "timestamp": 1632693093400,
      "tick_direction": 0,
      "price": 0.2222,
      "mark_price": 0.22073734,
      "iv": 87.83,
      "instrument_name": "BTC-31DEC21-40000-C",
      "index_price": 43506.64,
      "direction": "buy",
      "block_trade_id": "21487",
      "amount": 25.0
    },
    {
      "trade_seq": 2030,
      "trade_id": "181703981",
      "timestamp": 1632693008410,
      "tick_direction": 2,
      "price": 0.2205,
      "mark_price": 0.22114969,
      "iv": 86.68,
      "instrument_name": "BTC-31DEC21-40000-C",
      "index_price": 43547.66,
      "direction": "buy",
      "block_trade_id": "21486",
      "amount": 25.0
    },
    {
      "trade_seq": 2029,
      "trade_id": "181703932",
      "timestamp": 1632692968684,
      "tick_direction": 0,
      "price": 0.2209,
      "mark_price": 0.22060184,
      "iv": 87.2,
      "instrument_name": "BTC-31DEC21-40000-C",
      "index_price": 43498.95,
      "direction": "buy",
      "block_trade_id": "21485",
      "amount": 25.0
    },
    {
      "trade_seq": 2028,
      "trade_id": "181703894",
      "timestamp": 1632692928818,
      "tick_direction": 0,
      "price": 0.2207,
      "mark_price": 0.22027306,
      "iv": 87.28,
      "instrument_name": "BTC-31DEC21-40000-C",
      "index_price": 43481.37,
      "direction": "buy",
      "block_trade_id": "21484",
      "amount": 25.0
    },
    {
      "trade_seq": 2027,
      "trade_id": "181703890",
      "timestamp": 1632692908811,
      "tick_direction": 2,
      "price": 0.2192,
      "mark_price": 0.22025959,
      "iv": 86.47,
      "instrument_name": "BTC-31DEC21-40000-C",
      "index_price": 43479.84,
      "direction": "buy",
      "block_trade_id": "21483",
      "amount": 25.0
    },
    {
      "trade_seq": 2026,
      "trade_id": "181703887",
      "timestamp": 1632692891090,
      "tick_direction": 0,
      "price": 0.2195,
      "mark_price": 0.22026315,
      "iv": 86.63,
      "instrument_name": "BTC-31DEC21-40000-C",
      "index_price": 43479.52,
      "direction": "buy",
      "block_trade_id": "21482",
      "amount": 25.0
    },
    {
      "trade_seq": 2025,
